<collection xmlns:marc="http://www.loc.gov/MARC21/slim"
            xmlns:srw="http://www.loc.gov/zing/srw/">
   <marc:record>
      <marc:leader>     cam a22        4500</marc:leader>
      <marc:controlfield tag="001">010597093</marc:controlfield>
      <marc:controlfield tag="003">DE-576</marc:controlfield>
      <marc:controlfield tag="005">20201207124140.0</marc:controlfield>
      <marc:controlfield tag="007">tu</marc:controlfield>
      <marc:controlfield tag="008">860320s1956    xx |||||      00| ||und c</marc:controlfield>
      <marc:datafield tag="035" ind1=" " ind2=" ">
         <marc:subfield code="a">(DE-627)1080597093</marc:subfield>
      </marc:datafield>
      <marc:datafield tag="035" ind1=" " ind2=" ">
         <marc:subfield code="a">(DE-576)010597093</marc:subfield>
      </marc:datafield>
      <marc:datafield tag="035" ind1=" " ind2=" ">
         <marc:subfield code="a">(DE-599)BSZ010597093</marc:subfield>
      </marc:datafield>
      <marc:datafield tag="035" ind1=" " ind2=" ">
         <marc:subfield code="a">(OCoLC)886357585</marc:subfield>
      </marc:datafield>
      <marc:datafield tag="040" ind1=" " ind2=" ">
         <marc:subfield code="a">DE-576</marc:subfield>
         <marc:subfield code="b">ger</marc:subfield>
         <marc:subfield code="c">DE-576</marc:subfield>
         <marc:subfield code="e">rakwb</marc:subfield>
      </marc:datafield>
      <marc:datafield tag="084" ind1=" " ind2=" ">
         <marc:subfield code="a">AP 65000</marc:subfield>
         <marc:subfield code="2">rvk</marc:subfield>
         <marc:subfield code="0">(DE-625)rvk/7836:</marc:subfield>
      </marc:datafield>
      <marc:datafield tag="245" ind1="1" ind2="0">
         <marc:subfield code="a">Drottningholmsteatern förr och nu</marc:subfield>
         <marc:subfield code="b"> = The Drottningholm Theatre - past and present</marc:subfield>
         <marc:subfield code="c">Text: Gustaf Hilleström. Foto: Lennart af Petersens</marc:subfield>
      </marc:datafield>
      <marc:datafield tag="246" ind1="3" ind2="1">
         <marc:subfield code="a">The Drottningholm Theatre - past and present</marc:subfield>
      </marc:datafield>
      <marc:datafield tag="264" ind1=" " ind2="1">
         <marc:subfield code="a">Stockholm</marc:subfield>
         <marc:subfield code="b">Bokförl. Natur och Kultur</marc:subfield>
         <marc:subfield code="c">1956</marc:subfield>
      </marc:datafield>
      <marc:datafield tag="300" ind1=" " ind2=" ">
         <marc:subfield code="a">64 S.</marc:subfield>
         <marc:subfield code="b">überwiegend Ill.</marc:subfield>
      </marc:datafield>
      <marc:datafield tag="336" ind1=" " ind2=" ">
         <marc:subfield code="a">Text</marc:subfield>
         <marc:subfield code="b">txt</marc:subfield>
         <marc:subfield code="2">rdacontent</marc:subfield>
      </marc:datafield>
      <marc:datafield tag="337" ind1=" " ind2=" ">
         <marc:subfield code="a">ohne Hilfsmittel zu benutzen</marc:subfield>
         <marc:subfield code="b">n</marc:subfield>
         <marc:subfield code="2">rdamedia</marc:subfield>
      </marc:datafield>
      <marc:datafield tag="338" ind1=" " ind2=" ">
         <marc:subfield code="a">Band</marc:subfield>
         <marc:subfield code="b">nc</marc:subfield>
         <marc:subfield code="2">rdacarrier</marc:subfield>
      </marc:datafield>
      <marc:datafield tag="500" ind1=" " ind2=" ">
         <marc:subfield code="a">Einl. schwed. u. engl.; Bildkomm. schwed., engl., franz. u. dt</marc:subfield>
      </marc:datafield>
      <marc:datafield tag="583" ind1="1" ind2=" ">
         <marc:subfield code="a">Archivierung/Langzeitarchivierung geplant</marc:subfield>
         <marc:subfield code="c">20200919</marc:subfield>
         <marc:subfield code="f">DE-640</marc:subfield>
         <marc:subfield code="z">1</marc:subfield>
         <marc:subfield code="2">pdager</marc:subfield>
      </marc:datafield>
      <marc:datafield tag="591" ind1=" " ind2=" ">
         <marc:subfield code="a">IMD-Felder und 1131 maschinell ergänzt (SWB)</marc:subfield>
      </marc:datafield>
      <marc:datafield tag="610" ind1="2" ind2="7">
         <marc:subfield code="0">(DE-588)1215975-X</marc:subfield>
         <marc:subfield code="0">(DE-627)101029179</marc:subfield>
         <marc:subfield code="0">(DE-576)193251477</marc:subfield>
         <marc:subfield code="a">Drottningholms Slottsteater</marc:subfield>
         <marc:subfield code="2">gnd</marc:subfield>
      </marc:datafield>
      <marc:datafield tag="700" ind1="1" ind2=" ">
         <marc:subfield code="a">Hilleström, Gustaf</marc:subfield>
         <marc:subfield code="d">1911-1994</marc:subfield>
         <marc:subfield code="0">(DE-588)106856278</marc:subfield>
         <marc:subfield code="0">(DE-627)638030749</marc:subfield>
         <marc:subfield code="0">(DE-576)163753245</marc:subfield>
         <marc:subfield code="4">oth</marc:subfield>
      </marc:datafield>
      <marc:datafield tag="700" ind1="1" ind2=" ">
         <marc:subfield code="a">Petersens, Lennart af</marc:subfield>
         <marc:subfield code="d">1913-2004</marc:subfield>
         <marc:subfield code="e">Ill.</marc:subfield>
         <marc:subfield code="0">(DE-588)106974246</marc:subfield>
         <marc:subfield code="0">(DE-627)473350866</marc:subfield>
         <marc:subfield code="0">(DE-576)163753415</marc:subfield>
         <marc:subfield code="4">ill</marc:subfield>
      </marc:datafield>
      <marc:datafield tag="850" ind1=" " ind2=" ">
         <marc:subfield code="a">ab</marc:subfield>
      </marc:datafield>
      <marc:datafield tag="936" ind1="r" ind2="v">
         <marc:subfield code="a">AP 65000</marc:subfield>
         <marc:subfield code="b">Theater in einzelnen Orten (CSN des Ortes)</marc:subfield>
         <marc:subfield code="k">Allgemeines</marc:subfield>
         <marc:subfield code="k">Medien- und Kommunikationswissenschaften, Kommunikationsdesign</marc:subfield>
         <marc:subfield code="k">Theater</marc:subfield>
         <marc:subfield code="k">Biografie, Geschichte</marc:subfield>
         <marc:subfield code="k">Theater in einzelnen Orten (CSN des Ortes)</marc:subfield>
         <marc:subfield code="0">(DE-627)1270691651</marc:subfield>
         <marc:subfield code="0">(DE-625)rvk/7836:</marc:subfield>
         <marc:subfield code="0">(DE-576)200691651</marc:subfield>
      </marc:datafield>
      <marc:datafield tag="951" ind1=" " ind2=" ">
         <marc:subfield code="a">BO</marc:subfield>
      </marc:datafield>
   </marc:record>