
   <marc:record>
      <marc:leader>     cam a22        4500</marc:leader>
      <marc:controlfield tag="001">006888119</marc:controlfield>
      <marc:controlfield tag="003">DE-576</marc:controlfield>
      <marc:controlfield tag="005">20201012204311.0</marc:controlfield>
      <marc:controlfield tag="007">tu</marc:controlfield>
      <marc:controlfield tag="008">850101s1973    xx ||||| h    00| ||ger c</marc:controlfield>
      <marc:datafield tag="035" ind1=" " ind2=" ">
         <marc:subfield code="a">(DE-627)1076888119</marc:subfield>
      </marc:datafield>
      <marc:datafield tag="035" ind1=" " ind2=" ">
         <marc:subfield code="a">(DE-576)006888119</marc:subfield>
      </marc:datafield>
      <marc:datafield tag="035" ind1=" " ind2=" ">
         <marc:subfield code="a">(DE-599)BSZ006888119</marc:subfield>
      </marc:datafield>
      <marc:datafield tag="035" ind1=" " ind2=" ">
         <marc:subfield code="a">(OCoLC)01144183</marc:subfield>
      </marc:datafield>
      <marc:datafield tag="035" ind1=" " ind2=" ">
         <marc:subfield code="a">(OCoLC)610725385</marc:subfield>
      </marc:datafield>
      <marc:datafield tag="035" ind1=" " ind2=" ">
         <marc:subfield code="a">(DE-604)8072778075</marc:subfield>
      </marc:datafield>
      <marc:datafield tag="040" ind1=" " ind2=" ">
         <marc:subfield code="a">DE-576</marc:subfield>
         <marc:subfield code="b">ger</marc:subfield>
         <marc:subfield code="c">DE-576</marc:subfield>
         <marc:subfield code="e">rakwb</marc:subfield>
      </marc:datafield>
      <marc:datafield tag="041" ind1=" " ind2=" ">
         <marc:subfield code="a">ger</marc:subfield>
      </marc:datafield>
      <marc:datafield tag="084" ind1=" " ind2=" ">
         <marc:subfield code="a">LP 64572</marc:subfield>
         <marc:subfield code="2">rvk</marc:subfield>
         <marc:subfield code="0">(DE-625)rvk/107556:</marc:subfield>
      </marc:datafield>
      <marc:datafield tag="100" ind1="1" ind2=" ">
         <marc:subfield code="a">Hamburger, Klára</marc:subfield>
         <marc:subfield code="d">1934-</marc:subfield>
         <marc:subfield code="0">(DE-588)132306557</marc:subfield>
         <marc:subfield code="0">(DE-627)52141315X</marc:subfield>
         <marc:subfield code="0">(DE-576)161285775</marc:subfield>
         <marc:subfield code="4">aut</marc:subfield>
      </marc:datafield>
      <marc:datafield tag="240" ind1="1" ind2="0">
         <marc:subfield code="a">Liszt Ferenc &lt;dt.&gt;</marc:subfield>
      </marc:datafield>
      <marc:datafield tag="245" ind1="1" ind2="0">
         <marc:subfield code="a">Franz Liszt</marc:subfield>
         <marc:subfield code="c">Klara Hamburger</marc:subfield>
      </marc:datafield>
      <marc:datafield tag="264" ind1=" " ind2="1">
         <marc:subfield code="a">Budapest</marc:subfield>
         <marc:subfield code="b">Corvina</marc:subfield>
         <marc:subfield code="c">1973</marc:subfield>
      </marc:datafield>
      <marc:datafield tag="300" ind1=" " ind2=" ">
         <marc:subfield code="a">359 S.</marc:subfield>
      </marc:datafield>
      <marc:datafield tag="336" ind1=" " ind2=" ">
         <marc:subfield code="a">Text</marc:subfield>
         <marc:subfield code="b">txt</marc:subfield>
         <marc:subfield code="2">rdacontent</marc:subfield>
      </marc:datafield>
      <marc:datafield tag="337" ind1=" " ind2=" ">
         <marc:subfield code="a">ohne Hilfsmittel zu benutzen</marc:subfield>
         <marc:subfield code="b">n</marc:subfield>
         <marc:subfield code="2">rdamedia</marc:subfield>
      </marc:datafield>
      <marc:datafield tag="338" ind1=" " ind2=" ">
         <marc:subfield code="a">Band</marc:subfield>
         <marc:subfield code="b">nc</marc:subfield>
         <marc:subfield code="2">rdacarrier</marc:subfield>
      </marc:datafield>
      <marc:datafield tag="500" ind1=" " ind2=" ">
         <marc:subfield code="a">Aus dem Ungar. übers</marc:subfield>
      </marc:datafield>
      <marc:datafield tag="591" ind1=" " ind2=" ">
         <marc:subfield code="a">720 ff. bvb; 580 ff. bvb ; IMD-Felder und 1131 maschinell ergänzt (SWB)</marc:subfield>
      </marc:datafield>
      <marc:datafield tag="600" ind1="1" ind2="4">
         <marc:subfield code="a">Liszt, Franz</marc:subfield>
      </marc:datafield>
      <marc:datafield tag="655" ind1=" " ind2="7">
         <marc:subfield code="a">Biografie</marc:subfield>
         <marc:subfield code="0">(DE-588)4006804-3</marc:subfield>
         <marc:subfield code="0">(DE-627)104213493</marc:subfield>
         <marc:subfield code="0">(DE-576)208867147</marc:subfield>
         <marc:subfield code="2">gnd-content</marc:subfield>
      </marc:datafield>
      <marc:datafield tag="689" ind1="0" ind2="0">
         <marc:subfield code="D">p</marc:subfield>
         <marc:subfield code="0">(DE-588)118573527</marc:subfield>
         <marc:subfield code="0">(DE-627)134590058</marc:subfield>
         <marc:subfield code="0">(DE-576)162009496</marc:subfield>
         <marc:subfield code="a">Liszt, Franz</marc:subfield>
         <marc:subfield code="d">1811-1886</marc:subfield>
         <marc:subfield code="2">gnd</marc:subfield>
      </marc:datafield>
      <marc:datafield tag="689" ind1="0" ind2=" ">
         <marc:subfield code="5">(DE-627)</marc:subfield>
      </marc:datafield>
      <marc:datafield tag="700" ind1="1" ind2="2">
         <marc:subfield code="a">Hamburger, Klára</marc:subfield>
         <marc:subfield code="d">1934-</marc:subfield>
         <marc:subfield code="t">Liszt Ferenc &lt;dt.&gt;</marc:subfield>
      </marc:datafield>
      <marc:datafield tag="889" ind1=" " ind2=" ">
         <marc:subfield code="w">(DE-627)172831755X</marc:subfield>
      </marc:datafield>
      <marc:datafield tag="936" ind1="r" ind2="v">
         <marc:subfield code="a">LP 64572</marc:subfield>
         <marc:subfield code="b">Biografien, Monografien</marc:subfield>
         <marc:subfield code="k">Musikwissenschaft</marc:subfield>
         <marc:subfield code="k">I. Musica theoretica</marc:subfield>
         <marc:subfield code="k">Chronologischer Teil: Musica theoretica</marc:subfield>
         <marc:subfield code="k">19. Jahrhundert</marc:subfield>
         <marc:subfield code="k">Einzelne Persönlichkeiten:</marc:subfield>
         <marc:subfield code="k">Persönlichkeiten L</marc:subfield>
         <marc:subfield code="k">Liszt, Franz</marc:subfield>
         <marc:subfield code="k">Biografien, Monografien</marc:subfield>
         <marc:subfield code="0">(DE-627)1271357429</marc:subfield>
         <marc:subfield code="0">(DE-625)rvk/107556:</marc:subfield>
         <marc:subfield code="0">(DE-576)201357429</marc:subfield>
      </marc:datafield>
      <marc:datafield tag="951" ind1=" " ind2=" ">
         <marc:subfield code="a">BO</marc:subfield>
      </marc:datafield>
   </marc:record>