
   <marc:record>
      <marc:leader>     cam a22        4500</marc:leader>
      <marc:controlfield tag="001">1041674872</marc:controlfield>
      <marc:controlfield tag="003">DE-627</marc:controlfield>
      <marc:controlfield tag="005">20210608141911.0</marc:controlfield>
      <marc:controlfield tag="007">tu</marc:controlfield>
      <marc:controlfield tag="008">181204s2019    gw ||||| m    00| ||eng c</marc:controlfield>
      <marc:datafield tag="015" ind1=" " ind2=" ">
         <marc:subfield code="a">18,N48</marc:subfield>
         <marc:subfield code="2">dnb</marc:subfield>
      </marc:datafield>
      <marc:datafield tag="016" ind1="7" ind2=" ">
         <marc:subfield code="a">1172148880</marc:subfield>
         <marc:subfield code="2">DE-101</marc:subfield>
      </marc:datafield>
      <marc:datafield tag="020" ind1=" " ind2=" ">
         <marc:subfield code="a">3837643638</marc:subfield>
         <marc:subfield code="c"> : (Broschur : circa EUR 39.99 (DE) (freier Preis), circa EUR 39.99 (AT) (freier Preis), circa CHF 48.70 (freier Preis))</marc:subfield>
         <marc:subfield code="9">3-8376-4363-8</marc:subfield>
      </marc:datafield>
      <marc:datafield tag="020" ind1=" " ind2=" ">
         <marc:subfield code="a">9783837643633</marc:subfield>
         <marc:subfield code="c"> : (Broschur : circa EUR 39.99 (DE) (freier Preis), circa EUR 39.99 (AT) (freier Preis), circa CHF 48.70 (freier Preis))</marc:subfield>
         <marc:subfield code="9">978-3-8376-4363-3</marc:subfield>
      </marc:datafield>
      <marc:datafield tag="024" ind1="3" ind2=" ">
         <marc:subfield code="a">9783837643633</marc:subfield>
      </marc:datafield>
      <marc:datafield tag="035" ind1=" " ind2=" ">
         <marc:subfield code="a">(DE-627)1041674872</marc:subfield>
      </marc:datafield>
      <marc:datafield tag="035" ind1=" " ind2=" ">
         <marc:subfield code="a">(DE-599)DNB1172148880</marc:subfield>
      </marc:datafield>
      <marc:datafield tag="035" ind1=" " ind2=" ">
         <marc:subfield code="a">(OCoLC)1159430278</marc:subfield>
      </marc:datafield>
      <marc:datafield tag="035" ind1=" " ind2=" ">
         <marc:subfield code="a">(DE-101)1172148880</marc:subfield>
      </marc:datafield>
      <marc:datafield tag="040" ind1=" " ind2=" ">
         <marc:subfield code="a">DE-576</marc:subfield>
         <marc:subfield code="b">ger</marc:subfield>
         <marc:subfield code="c">DE-576</marc:subfield>
         <marc:subfield code="e">rda</marc:subfield>
      </marc:datafield>
      <marc:datafield tag="041" ind1=" " ind2=" ">
         <marc:subfield code="a">eng</marc:subfield>
      </marc:datafield>
      <marc:datafield tag="044" ind1=" " ind2=" ">
         <marc:subfield code="c">XA-DE-NW</marc:subfield>
      </marc:datafield>
      <marc:datafield tag="082" ind1="0" ind2=" ">
         <marc:subfield code="a">792.809569</marc:subfield>
         <marc:subfield code="q">DE-101</marc:subfield>
      </marc:datafield>
      <marc:datafield tag="082" ind1="0" ind2="4">
         <marc:subfield code="a">792</marc:subfield>
         <marc:subfield code="q">DE-101</marc:subfield>
      </marc:datafield>
      <marc:datafield tag="084" ind1=" " ind2=" ">
         <marc:subfield code="a">AP 83969</marc:subfield>
         <marc:subfield code="2">rvk</marc:subfield>
         <marc:subfield code="0">(DE-625)rvk/8027:729</marc:subfield>
      </marc:datafield>
      <marc:datafield tag="084" ind1=" " ind2=" ">
         <marc:subfield code="a">LB 74335</marc:subfield>
         <marc:subfield code="2">rvk</marc:subfield>
         <marc:subfield code="0">(DE-625)rvk/90591:882</marc:subfield>
      </marc:datafield>
      <marc:datafield tag="100" ind1="1" ind2=" ">
         <marc:subfield code="a">Noeth, Sandra</marc:subfield>
         <marc:subfield code="e">VerfasserIn</marc:subfield>
         <marc:subfield code="0">(DE-588)1160784612</marc:subfield>
         <marc:subfield code="0">(DE-627)1024210049</marc:subfield>
         <marc:subfield code="0">(DE-576)506191435</marc:subfield>
         <marc:subfield code="4">aut</marc:subfield>
      </marc:datafield>
      <marc:datafield tag="245" ind1="1" ind2="0">
         <marc:subfield code="a">Resilient bodies, residual effects</marc:subfield>
         <marc:subfield code="b">artistic articulations of borders and collectivity from Lebanon and Palestine</marc:subfield>
         <marc:subfield code="c">Sandra Noeth</marc:subfield>
      </marc:datafield>
      <marc:datafield tag="264" ind1=" " ind2="1">
         <marc:subfield code="a">Bielefeld</marc:subfield>
         <marc:subfield code="b">transcript</marc:subfield>
         <marc:subfield code="c">[2019]</marc:subfield>
      </marc:datafield>
      <marc:datafield tag="264" ind1=" " ind2="4">
         <marc:subfield code="c">© 2019</marc:subfield>
      </marc:datafield>
      <marc:datafield tag="300" ind1=" " ind2=" ">
         <marc:subfield code="a">307 Seiten</marc:subfield>
         <marc:subfield code="c">22.5 cm x 14.8 cm, 468 g</marc:subfield>
      </marc:datafield>
      <marc:datafield tag="336" ind1=" " ind2=" ">
         <marc:subfield code="a">Text</marc:subfield>
         <marc:subfield code="b">txt</marc:subfield>
         <marc:subfield code="2">rdacontent</marc:subfield>
      </marc:datafield>
      <marc:datafield tag="337" ind1=" " ind2=" ">
         <marc:subfield code="a">ohne Hilfsmittel zu benutzen</marc:subfield>
         <marc:subfield code="b">n</marc:subfield>
         <marc:subfield code="2">rdamedia</marc:subfield>
      </marc:datafield>
      <marc:datafield tag="338" ind1=" " ind2=" ">
         <marc:subfield code="a">Band</marc:subfield>
         <marc:subfield code="b">nc</marc:subfield>
         <marc:subfield code="2">rdacarrier</marc:subfield>
      </marc:datafield>
      <marc:datafield tag="490" ind1="1" ind2=" ">
         <marc:subfield code="a">Critical dance studies</marc:subfield>
         <marc:subfield code="v">volume 52</marc:subfield>
      </marc:datafield>
      <marc:datafield tag="500" ind1=" " ind2=" ">
         <marc:subfield code="a">Literaturverzeichnis: Seite 269-307</marc:subfield>
      </marc:datafield>
      <marc:datafield tag="500" ind1=" " ind2=" ">
         <marc:subfield code="a">Universität Hamburg, Fakultät für Psychologie und Bewegungswissenschaft, Institut für Bewegungswissenschaft</marc:subfield>
      </marc:datafield>
      <marc:datafield tag="502" ind1=" " ind2=" ">
         <marc:subfield code="b">Dissertation</marc:subfield>
         <marc:subfield code="c">Universität Hamburg</marc:subfield>
         <marc:subfield code="d">2019</marc:subfield>
      </marc:datafield>
      <marc:datafield tag="655" ind1=" " ind2="7">
         <marc:subfield code="a">Hochschulschrift</marc:subfield>
         <marc:subfield code="0">(DE-588)4113937-9</marc:subfield>
         <marc:subfield code="0">(DE-627)105825778</marc:subfield>
         <marc:subfield code="0">(DE-576)209480580</marc:subfield>
         <marc:subfield code="2">gnd-content</marc:subfield>
      </marc:datafield>
      <marc:datafield tag="689" ind1="0" ind2="0">
         <marc:subfield code="D">g</marc:subfield>
         <marc:subfield code="0">(DE-588)4035567-6</marc:subfield>
         <marc:subfield code="0">(DE-627)104578068</marc:subfield>
         <marc:subfield code="0">(DE-576)209013486</marc:subfield>
         <marc:subfield code="a">Libanon</marc:subfield>
         <marc:subfield code="2">gnd</marc:subfield>
      </marc:datafield>
      <marc:datafield tag="689" ind1="0" ind2="1">
         <marc:subfield code="D">g</marc:subfield>
         <marc:subfield code="0">(DE-588)4044381-4</marc:subfield>
         <marc:subfield code="0">(DE-627)106205765</marc:subfield>
         <marc:subfield code="0">(DE-576)209060611</marc:subfield>
         <marc:subfield code="a">Palästina</marc:subfield>
         <marc:subfield code="2">gnd</marc:subfield>
      </marc:datafield>
      <marc:datafield tag="689" ind1="0" ind2="2">
         <marc:subfield code="D">s</marc:subfield>
         <marc:subfield code="0">(DE-588)4134757-2</marc:subfield>
         <marc:subfield code="0">(DE-627)105670154</marc:subfield>
         <marc:subfield code="0">(DE-576)209655003</marc:subfield>
         <marc:subfield code="a">Ausdruckstanz</marc:subfield>
         <marc:subfield code="2">gnd</marc:subfield>
      </marc:datafield>
      <marc:datafield tag="689" ind1="0" ind2="3">
         <marc:subfield code="D">s</marc:subfield>
         <marc:subfield code="0">(DE-588)4285966-9</marc:subfield>
         <marc:subfield code="0">(DE-627)104307889</marc:subfield>
         <marc:subfield code="0">(DE-576)21080422X</marc:subfield>
         <marc:subfield code="a">Grenze</marc:subfield>
         <marc:subfield code="g">Motiv</marc:subfield>
         <marc:subfield code="2">gnd</marc:subfield>
      </marc:datafield>
      <marc:datafield tag="689" ind1="0" ind2=" ">
         <marc:subfield code="5">DE-101</marc:subfield>
      </marc:datafield>
      <marc:datafield tag="689" ind1="1" ind2="0">
         <marc:subfield code="D">g</marc:subfield>
         <marc:subfield code="0">(DE-588)4035567-6</marc:subfield>
         <marc:subfield code="0">(DE-627)104578068</marc:subfield>
         <marc:subfield code="0">(DE-576)209013486</marc:subfield>
         <marc:subfield code="a">Libanon</marc:subfield>
         <marc:subfield code="2">gnd</marc:subfield>
      </marc:datafield>
      <marc:datafield tag="689" ind1="1" ind2="1">
         <marc:subfield code="D">g</marc:subfield>
         <marc:subfield code="0">(DE-588)4044381-4</marc:subfield>
         <marc:subfield code="0">(DE-627)106205765</marc:subfield>
         <marc:subfield code="0">(DE-576)209060611</marc:subfield>
         <marc:subfield code="a">Palästina</marc:subfield>
         <marc:subfield code="2">gnd</marc:subfield>
      </marc:datafield>
      <marc:datafield tag="689" ind1="1" ind2="2">
         <marc:subfield code="D">s</marc:subfield>
         <marc:subfield code="0">(DE-588)4077781-9</marc:subfield>
         <marc:subfield code="0">(DE-627)10607928X</marc:subfield>
         <marc:subfield code="0">(DE-576)209206241</marc:subfield>
         <marc:subfield code="a">Staatsgrenze</marc:subfield>
         <marc:subfield code="2">gnd</marc:subfield>
      </marc:datafield>
      <marc:datafield tag="689" ind1="1" ind2="3">
         <marc:subfield code="D">s</marc:subfield>
         <marc:subfield code="0">(DE-588)4134757-2</marc:subfield>
         <marc:subfield code="0">(DE-627)105670154</marc:subfield>
         <marc:subfield code="0">(DE-576)209655003</marc:subfield>
         <marc:subfield code="a">Ausdruckstanz</marc:subfield>
         <marc:subfield code="2">gnd</marc:subfield>
      </marc:datafield>
      <marc:datafield tag="689" ind1="1" ind2=" ">
         <marc:subfield code="5">(DE-627)</marc:subfield>
      </marc:datafield>
      <marc:datafield tag="776" ind1="1" ind2=" ">
         <marc:subfield code="z">9783839443637</marc:subfield>
      </marc:datafield>
      <marc:datafield tag="776" ind1="0" ind2="8">
         <marc:subfield code="i">Erscheint auch als</marc:subfield>
         <marc:subfield code="n">Online-Ausgabe</marc:subfield>
         <marc:subfield code="z">9783839443637</marc:subfield>
      </marc:datafield>
      <marc:datafield tag="776" ind1="0" ind2="8">
         <marc:subfield code="i">Erscheint auch als</marc:subfield>
         <marc:subfield code="n">Online-Ausgabe</marc:subfield>
         <marc:subfield code="a">Noeth, Sandra</marc:subfield>
         <marc:subfield code="t">Resilient bodies, residual effects</marc:subfield>
         <marc:subfield code="d">Bielefeld : transcript, 2019</marc:subfield>
         <marc:subfield code="h">1 Online-Ressource (307 Seiten)</marc:subfield>
         <marc:subfield code="w">(DE-627)1677336919</marc:subfield>
         <marc:subfield code="z">9783839443637</marc:subfield>
      </marc:datafield>
      <marc:datafield tag="830" ind1=" " ind2="0">
         <marc:subfield code="a">TanzScripte</marc:subfield>
         <marc:subfield code="v">volume 52</marc:subfield>
         <marc:subfield code="9">52</marc:subfield>
         <marc:subfield code="w">(DE-627)513347925</marc:subfield>
         <marc:subfield code="w">(DE-576)120857499</marc:subfield>
         <marc:subfield code="w">(DE-600)2241196-3</marc:subfield>
         <marc:subfield code="x">2747-3120</marc:subfield>
      </marc:datafield>
      <marc:datafield tag="856" ind1="4" ind2="2">
         <marc:subfield code="u">http://www.transcript-verlag.de/978-3-8376-4363-3</marc:subfield>
         <marc:subfield code="m">X: MVB</marc:subfield>
         <marc:subfield code="v">2018-11-30</marc:subfield>
         <marc:subfield code="x">Verlag</marc:subfield>
      </marc:datafield>
      <marc:datafield tag="856" ind1="4" ind2="2">
         <marc:subfield code="u">http://www.transcript-verlag.de/978-3-8376-4363-3</marc:subfield>
         <marc:subfield code="m">X:MVB</marc:subfield>
         <marc:subfield code="v">2020-12-02</marc:subfield>
         <marc:subfield code="x">Verlag</marc:subfield>
         <marc:subfield code="3">Unbekannt</marc:subfield>
      </marc:datafield>
      <marc:datafield tag="856" ind1="4" ind2="2">
         <marc:subfield code="u">https://d-nb.info/1172148880/04</marc:subfield>
         <marc:subfield code="m">B:DE-101</marc:subfield>
         <marc:subfield code="q">application/pdf</marc:subfield>
         <marc:subfield code="v">2020-12-02</marc:subfield>
         <marc:subfield code="x">Verlag</marc:subfield>
         <marc:subfield code="3">Inhaltsverzeichnis</marc:subfield>
      </marc:datafield>
      <marc:datafield tag="936" ind1="r" ind2="v">
         <marc:subfield code="a">AP 83969</marc:subfield>
         <marc:subfield code="b">Saudi-Arabien, Irak, Syrien, Libanon, Jordanien, Jemen, Palästinensische Autonomiegebiete, Emirate</marc:subfield>
         <marc:subfield code="k">Allgemeines</marc:subfield>
         <marc:subfield code="k">Medien- und Kommunikationswissenschaften, Kommunikationsdesign</marc:subfield>
         <marc:subfield code="k">Tanz</marc:subfield>
         <marc:subfield code="k">Geschichte und Entwicklung</marc:subfield>
         <marc:subfield code="k">Tanzgeschichte einzelner Länder</marc:subfield>
         <marc:subfield code="k">Asien, Orient, Östliche Welt</marc:subfield>
         <marc:subfield code="k">Vorderer Orient, Vorderasien</marc:subfield>
         <marc:subfield code="k">Saudi-Arabien, Irak, Syrien, Libanon, Jordanien, Jemen, Palästinensische Autonomiegebiete, Emirate</marc:subfield>
         <marc:subfield code="0">(DE-627)1273380398</marc:subfield>
         <marc:subfield code="0">(DE-625)rvk/8027:729</marc:subfield>
         <marc:subfield code="0">(DE-576)203380398</marc:subfield>
      </marc:datafield>
      <marc:datafield tag="936" ind1="r" ind2="v">
         <marc:subfield code="a">LB 74335</marc:subfield>
         <marc:subfield code="b">Vorderasien (Naher und mittlerer Osten) insgesamt</marc:subfield>
         <marc:subfield code="k">Ethnologie</marc:subfield>
         <marc:subfield code="k">Raum und Ort: Hausforschung, Gemeinde- und Stadtethnologie</marc:subfield>
         <marc:subfield code="k">Region und Landschaft; Grenzgebiet und Frontier</marc:subfield>
         <marc:subfield code="k">Asien (ohne GUS)</marc:subfield>
         <marc:subfield code="k">Vorderasien (Naher und mittlerer Osten)</marc:subfield>
         <marc:subfield code="k">Vorderasien (Naher und mittlerer Osten) insgesamt</marc:subfield>
         <marc:subfield code="0">(DE-627)1398869104</marc:subfield>
         <marc:subfield code="0">(DE-625)rvk/90591:882</marc:subfield>
         <marc:subfield code="0">(DE-576)328869104</marc:subfield>
      </marc:datafield>
      <marc:datafield tag="951" ind1=" " ind2=" ">
         <marc:subfield code="a">BO</marc:subfield>
      </marc:datafield>
   </marc:record>