
   <marc:record>
      <marc:leader>     cam a22        4500</marc:leader>
      <marc:controlfield tag="001">506095878</marc:controlfield>
      <marc:controlfield tag="003">DE-576</marc:controlfield>
      <marc:controlfield tag="005">20210203125744.0</marc:controlfield>
      <marc:controlfield tag="007">tu</marc:controlfield>
      <marc:controlfield tag="008">180418s2018    gw |||||      00| ||ger c</marc:controlfield>
      <marc:datafield tag="015" ind1=" " ind2=" ">
         <marc:subfield code="a">18,N16</marc:subfield>
         <marc:subfield code="2">dnb</marc:subfield>
      </marc:datafield>
      <marc:datafield tag="016" ind1="7" ind2=" ">
         <marc:subfield code="a">1155975723</marc:subfield>
         <marc:subfield code="2">DE-101</marc:subfield>
      </marc:datafield>
      <marc:datafield tag="020" ind1=" " ind2=" ">
         <marc:subfield code="a">9783745510270</marc:subfield>
         <marc:subfield code="c">Broschur : EUR 29.50 (DE)</marc:subfield>
         <marc:subfield code="9">978-3-7455-1027-0</marc:subfield>
      </marc:datafield>
      <marc:datafield tag="020" ind1=" " ind2=" ">
         <marc:subfield code="a">3745510275</marc:subfield>
         <marc:subfield code="9">3-7455-1027-5</marc:subfield>
      </marc:datafield>
      <marc:datafield tag="024" ind1="3" ind2=" ">
         <marc:subfield code="a">9783745510270</marc:subfield>
      </marc:datafield>
      <marc:datafield tag="028" ind1="5" ind2="2">
         <marc:subfield code="a">1027</marc:subfield>
      </marc:datafield>
      <marc:datafield tag="035" ind1=" " ind2=" ">
         <marc:subfield code="a">(DE-627)1019201932</marc:subfield>
      </marc:datafield>
      <marc:datafield tag="035" ind1=" " ind2=" ">
         <marc:subfield code="a">(DE-576)506095878</marc:subfield>
      </marc:datafield>
      <marc:datafield tag="035" ind1=" " ind2=" ">
         <marc:subfield code="a">(DE-599)DNB1155975723</marc:subfield>
      </marc:datafield>
      <marc:datafield tag="035" ind1=" " ind2=" ">
         <marc:subfield code="a">(OCoLC)1031723651</marc:subfield>
      </marc:datafield>
      <marc:datafield tag="035" ind1=" " ind2=" ">
         <marc:subfield code="a">(OCoLC)1043943491</marc:subfield>
      </marc:datafield>
      <marc:datafield tag="035" ind1=" " ind2=" ">
         <marc:subfield code="a">(DE-101)1155975723</marc:subfield>
      </marc:datafield>
      <marc:datafield tag="040" ind1=" " ind2=" ">
         <marc:subfield code="a">DE-576</marc:subfield>
         <marc:subfield code="b">ger</marc:subfield>
         <marc:subfield code="c">DE-576</marc:subfield>
         <marc:subfield code="e">rda</marc:subfield>
      </marc:datafield>
      <marc:datafield tag="041" ind1=" " ind2=" ">
         <marc:subfield code="a">ger</marc:subfield>
      </marc:datafield>
      <marc:datafield tag="044" ind1=" " ind2=" ">
         <marc:subfield code="c">XA-DE-NW</marc:subfield>
      </marc:datafield>
      <marc:datafield tag="082" ind1="0" ind2=" ">
         <marc:subfield code="a">792.071</marc:subfield>
         <marc:subfield code="q">DE-101</marc:subfield>
      </marc:datafield>
      <marc:datafield tag="082" ind1="0" ind2="4">
         <marc:subfield code="a">792</marc:subfield>
         <marc:subfield code="a">700</marc:subfield>
         <marc:subfield code="a">370</marc:subfield>
         <marc:subfield code="q">DE-101</marc:subfield>
      </marc:datafield>
      <marc:datafield tag="084" ind1=" " ind2=" ">
         <marc:subfield code="a">AP 67400</marc:subfield>
         <marc:subfield code="q">DE-14/sred</marc:subfield>
         <marc:subfield code="2">rvk</marc:subfield>
         <marc:subfield code="0">(DE-625)rvk/7854:</marc:subfield>
      </marc:datafield>
      <marc:datafield tag="084" ind1=" " ind2=" ">
         <marc:subfield code="a">24.04</marc:subfield>
         <marc:subfield code="2">bkl</marc:subfield>
      </marc:datafield>
      <marc:datafield tag="245" ind1="1" ind2="0">
         <marc:subfield code="a">Zwischen Kunst und Bildung</marc:subfield>
         <marc:subfield code="b">Theorie, Vermittlung, Forschung in der zeitgenössischen Theater-, Tanz- und Performancekunst</marc:subfield>
         <marc:subfield code="c">Kristin Westphal, Teresa Bogerts, Mareike Uhl, Ilona Sauer (Hgg.)</marc:subfield>
      </marc:datafield>
      <marc:datafield tag="246" ind1="3" ind2="0">
         <marc:subfield code="a">zeitgenössischer</marc:subfield>
      </marc:datafield>
      <marc:datafield tag="250" ind1=" " ind2=" ">
         <marc:subfield code="a">1. Auflage</marc:subfield>
      </marc:datafield>
      <marc:datafield tag="263" ind1=" " ind2=" ">
         <marc:subfield code="a">201805</marc:subfield>
      </marc:datafield>
      <marc:datafield tag="264" ind1=" " ind2="1">
         <marc:subfield code="a">Oberhausen</marc:subfield>
         <marc:subfield code="b">ATHENA-Verlag</marc:subfield>
         <marc:subfield code="c">2018</marc:subfield>
      </marc:datafield>
      <marc:datafield tag="300" ind1=" " ind2=" ">
         <marc:subfield code="a">500 Seiten</marc:subfield>
         <marc:subfield code="b">Illustrationen</marc:subfield>
         <marc:subfield code="c">23 cm</marc:subfield>
      </marc:datafield>
      <marc:datafield tag="336" ind1=" " ind2=" ">
         <marc:subfield code="a">Text</marc:subfield>
         <marc:subfield code="b">txt</marc:subfield>
         <marc:subfield code="2">rdacontent</marc:subfield>
      </marc:datafield>
      <marc:datafield tag="337" ind1=" " ind2=" ">
         <marc:subfield code="a">ohne Hilfsmittel zu benutzen</marc:subfield>
         <marc:subfield code="b">n</marc:subfield>
         <marc:subfield code="2">rdamedia</marc:subfield>
      </marc:datafield>
      <marc:datafield tag="338" ind1=" " ind2=" ">
         <marc:subfield code="a">Band</marc:subfield>
         <marc:subfield code="b">nc</marc:subfield>
         <marc:subfield code="2">rdacarrier</marc:subfield>
      </marc:datafield>
      <marc:datafield tag="490" ind1="1" ind2=" ">
         <marc:subfield code="a">Theater | Tanz | Performance</marc:subfield>
         <marc:subfield code="v">Band 3</marc:subfield>
      </marc:datafield>
      <marc:datafield tag="655" ind1=" " ind2="7">
         <marc:subfield code="a">Aufsatzsammlung</marc:subfield>
         <marc:subfield code="0">(DE-588)4143413-4</marc:subfield>
         <marc:subfield code="0">(DE-627)105605727</marc:subfield>
         <marc:subfield code="0">(DE-576)209726091</marc:subfield>
         <marc:subfield code="2">gnd-content</marc:subfield>
      </marc:datafield>
      <marc:datafield tag="689" ind1="0" ind2="0">
         <marc:subfield code="D">g</marc:subfield>
         <marc:subfield code="0">(DE-588)4011882-4</marc:subfield>
         <marc:subfield code="0">(DE-627)104704861</marc:subfield>
         <marc:subfield code="0">(DE-576)208896155</marc:subfield>
         <marc:subfield code="a">Deutschland</marc:subfield>
         <marc:subfield code="2">gnd</marc:subfield>
      </marc:datafield>
      <marc:datafield tag="689" ind1="0" ind2="1">
         <marc:subfield code="D">s</marc:subfield>
         <marc:subfield code="0">(DE-588)4165984-3</marc:subfield>
         <marc:subfield code="0">(DE-627)105436135</marc:subfield>
         <marc:subfield code="0">(DE-576)209899131</marc:subfield>
         <marc:subfield code="a">Kulturpädagogik</marc:subfield>
         <marc:subfield code="2">gnd</marc:subfield>
      </marc:datafield>
      <marc:datafield tag="689" ind1="0" ind2="2">
         <marc:subfield code="D">s</marc:subfield>
         <marc:subfield code="0">(DE-588)4126991-3</marc:subfield>
         <marc:subfield code="0">(DE-627)105728187</marc:subfield>
         <marc:subfield code="0">(DE-576)209589833</marc:subfield>
         <marc:subfield code="a">Theaterpädagogik</marc:subfield>
         <marc:subfield code="2">gnd</marc:subfield>
      </marc:datafield>
      <marc:datafield tag="689" ind1="0" ind2="3">
         <marc:subfield code="D">s</marc:subfield>
         <marc:subfield code="0">(DE-588)4392528-5</marc:subfield>
         <marc:subfield code="0">(DE-627)190278064</marc:subfield>
         <marc:subfield code="0">(DE-576)211958840</marc:subfield>
         <marc:subfield code="a">Tanzerziehung</marc:subfield>
         <marc:subfield code="2">gnd</marc:subfield>
      </marc:datafield>
      <marc:datafield tag="689" ind1="0" ind2=" ">
         <marc:subfield code="5">DE-101</marc:subfield>
      </marc:datafield>
      <marc:datafield tag="700" ind1="1" ind2=" ">
         <marc:subfield code="a">Westphal, Kristin</marc:subfield>
         <marc:subfield code="d">1953-</marc:subfield>
         <marc:subfield code="e">HerausgeberIn</marc:subfield>
         <marc:subfield code="0">(DE-588)123473217</marc:subfield>
         <marc:subfield code="0">(DE-627)08257569X</marc:subfield>
         <marc:subfield code="0">(DE-576)293723524</marc:subfield>
         <marc:subfield code="4">edt</marc:subfield>
      </marc:datafield>
      <marc:datafield tag="700" ind1="1" ind2=" ">
         <marc:subfield code="a">Bogerts, Teresa</marc:subfield>
         <marc:subfield code="e">HerausgeberIn</marc:subfield>
         <marc:subfield code="0">(DE-588)1162145773</marc:subfield>
         <marc:subfield code="0">(DE-627)1025577655</marc:subfield>
         <marc:subfield code="0">(DE-576)506092607</marc:subfield>
         <marc:subfield code="4">edt</marc:subfield>
      </marc:datafield>
      <marc:datafield tag="700" ind1="1" ind2=" ">
         <marc:subfield code="a">Uhl, Mareike</marc:subfield>
         <marc:subfield code="e">HerausgeberIn</marc:subfield>
         <marc:subfield code="0">(DE-588)1162146192</marc:subfield>
         <marc:subfield code="0">(DE-627)1025578910</marc:subfield>
         <marc:subfield code="0">(DE-576)506091228</marc:subfield>
         <marc:subfield code="4">edt</marc:subfield>
      </marc:datafield>
      <marc:datafield tag="700" ind1="1" ind2=" ">
         <marc:subfield code="a">Sauer, Ilona</marc:subfield>
         <marc:subfield code="e">HerausgeberIn</marc:subfield>
         <marc:subfield code="0">(DE-588)1047894335</marc:subfield>
         <marc:subfield code="0">(DE-627)779429826</marc:subfield>
         <marc:subfield code="0">(DE-576)401722848</marc:subfield>
         <marc:subfield code="4">edt</marc:subfield>
      </marc:datafield>
      <marc:datafield tag="710" ind1="2" ind2=" ">
         <marc:subfield code="a">ATHENA-Verlag e.K.</marc:subfield>
         <marc:subfield code="e">Verlag</marc:subfield>
         <marc:subfield code="0">(DE-588)1064060242</marc:subfield>
         <marc:subfield code="0">(DE-627)813472121</marc:subfield>
         <marc:subfield code="0">(DE-576)423599275</marc:subfield>
         <marc:subfield code="4">pbl</marc:subfield>
      </marc:datafield>
      <marc:datafield tag="830" ind1=" " ind2="0">
         <marc:subfield code="a">Theater, Tanz, Performance</marc:subfield>
         <marc:subfield code="v">Band 3</marc:subfield>
         <marc:subfield code="9">3</marc:subfield>
         <marc:subfield code="w">(DE-627)83789557X</marc:subfield>
         <marc:subfield code="w">(DE-576)449037762</marc:subfield>
         <marc:subfield code="w">(DE-600)2838682-6</marc:subfield>
      </marc:datafield>
      <marc:datafield tag="856" ind1="4" ind2="2">
         <marc:subfield code="u">http://www.gbv.de/dms/weimar/toc/1019201932_toc.pdf</marc:subfield>
         <marc:subfield code="m">V:DE-601</marc:subfield>
         <marc:subfield code="m">B:DE-Wim2</marc:subfield>
         <marc:subfield code="q">application/pdf</marc:subfield>
         <marc:subfield code="x">Verlag</marc:subfield>
         <marc:subfield code="y">Inhaltsverzeichnis</marc:subfield>
         <marc:subfield code="3">Inhaltsverzeichnis</marc:subfield>
      </marc:datafield>
      <marc:datafield tag="856" ind1="4" ind2="2">
         <marc:subfield code="u">http://d-nb.info/1155975723/04</marc:subfield>
         <marc:subfield code="m">B:DE-101</marc:subfield>
         <marc:subfield code="q">application/pdf</marc:subfield>
         <marc:subfield code="3">Inhaltsverzeichnis</marc:subfield>
      </marc:datafield>
      <marc:datafield tag="856" ind1="4" ind2="2">
         <marc:subfield code="u">http://deposit.dnb.de/cgi-bin/dokserv?id=f30911dbcd54491b8dc864c1f8f50d7b&amp;prov=M&amp;dok_var=1&amp;dok_ext=htm</marc:subfield>
         <marc:subfield code="m">X: MVB</marc:subfield>
         <marc:subfield code="q">text/html</marc:subfield>
         <marc:subfield code="v">2018-04-18</marc:subfield>
         <marc:subfield code="x">Verlag</marc:subfield>
         <marc:subfield code="3">Inhaltstext</marc:subfield>
      </marc:datafield>
      <marc:datafield tag="856" ind1="4" ind2="2">
         <marc:subfield code="u">http://www.athena-verlag.de/controller.php?cmd=detail&amp;titelnummer=1027</marc:subfield>
         <marc:subfield code="m">X: MVB</marc:subfield>
         <marc:subfield code="q">text/html</marc:subfield>
         <marc:subfield code="v">2018-04-18</marc:subfield>
         <marc:subfield code="x">Verlag</marc:subfield>
         <marc:subfield code="3">Ausführliche Beschreibung</marc:subfield>
      </marc:datafield>
      <marc:datafield tag="936" ind1="r" ind2="v">
         <marc:subfield code="a">AP 67400</marc:subfield>
         <marc:subfield code="b">Theater, Schule und Erziehung</marc:subfield>
         <marc:subfield code="k">Allgemeines</marc:subfield>
         <marc:subfield code="k">Medien- und Kommunikationswissenschaften, Kommunikationsdesign</marc:subfield>
         <marc:subfield code="k">Theater</marc:subfield>
         <marc:subfield code="k">Beziehungen, Ausstrahlungen, Einwirkungen</marc:subfield>
         <marc:subfield code="k">Theater, Schule und Erziehung</marc:subfield>
         <marc:subfield code="0">(DE-627)1270691813</marc:subfield>
         <marc:subfield code="0">(DE-625)rvk/7854:</marc:subfield>
         <marc:subfield code="0">(DE-576)200691813</marc:subfield>
      </marc:datafield>
      <marc:datafield tag="936" ind1="b" ind2="k">
         <marc:subfield code="a">24.04</marc:subfield>
         <marc:subfield code="j">Ausbildung</marc:subfield>
         <marc:subfield code="j">Beruf</marc:subfield>
         <marc:subfield code="j">Organisationen</marc:subfield>
         <marc:subfield code="x">Theater</marc:subfield>
         <marc:subfield code="q">DA3</marc:subfield>
         <marc:subfield code="0">(DE-627)106405632</marc:subfield>
      </marc:datafield>
      <marc:datafield tag="951" ind1=" " ind2=" ">
         <marc:subfield code="a">BO</marc:subfield>
      </marc:datafield>
   </marc:record>