
   <marc:record>
      <marc:leader>     cam a22        4500</marc:leader>
      <marc:controlfield tag="001">500041296</marc:controlfield>
      <marc:controlfield tag="003">DE-576</marc:controlfield>
      <marc:controlfield tag="005">20210729183529.0</marc:controlfield>
      <marc:controlfield tag="007">tu</marc:controlfield>
      <marc:controlfield tag="008">171009s2017    gw ||||| m    00| ||ger c</marc:controlfield>
      <marc:datafield tag="015" ind1=" " ind2=" ">
         <marc:subfield code="a">17,N39</marc:subfield>
         <marc:subfield code="2">dnb</marc:subfield>
      </marc:datafield>
      <marc:datafield tag="016" ind1="7" ind2=" ">
         <marc:subfield code="a">1140129414</marc:subfield>
         <marc:subfield code="2">DE-101</marc:subfield>
      </marc:datafield>
      <marc:datafield tag="020" ind1=" " ind2=" ">
         <marc:subfield code="a">3837641406</marc:subfield>
         <marc:subfield code="c">Kt : circa EUR 39.99 (DE), circa EUR 41.20 (AT), circa CHF 48.70 (freier Preis)</marc:subfield>
         <marc:subfield code="9">3-8376-4140-6</marc:subfield>
      </marc:datafield>
      <marc:datafield tag="020" ind1=" " ind2=" ">
         <marc:subfield code="a">9783837641400</marc:subfield>
         <marc:subfield code="c">Kt : circa EUR 39.99 (DE), circa EUR 41.20 (AT), circa CHF 48.70 (freier Preis)</marc:subfield>
         <marc:subfield code="9">978-3-8376-4140-0</marc:subfield>
      </marc:datafield>
      <marc:datafield tag="024" ind1="3" ind2=" ">
         <marc:subfield code="a">9783837641400</marc:subfield>
      </marc:datafield>
      <marc:datafield tag="035" ind1=" " ind2=" ">
         <marc:subfield code="a">(DE-627)898915023</marc:subfield>
      </marc:datafield>
      <marc:datafield tag="035" ind1=" " ind2=" ">
         <marc:subfield code="a">(DE-576)500041296</marc:subfield>
      </marc:datafield>
      <marc:datafield tag="035" ind1=" " ind2=" ">
         <marc:subfield code="a">(DE-599)DNB1140129414</marc:subfield>
      </marc:datafield>
      <marc:datafield tag="035" ind1=" " ind2=" ">
         <marc:subfield code="a">(OCoLC)1004961271</marc:subfield>
      </marc:datafield>
      <marc:datafield tag="035" ind1=" " ind2=" ">
         <marc:subfield code="a">(DE-101)1140129414</marc:subfield>
      </marc:datafield>
      <marc:datafield tag="040" ind1=" " ind2=" ">
         <marc:subfield code="a">DE-576</marc:subfield>
         <marc:subfield code="b">ger</marc:subfield>
         <marc:subfield code="c">DE-576</marc:subfield>
         <marc:subfield code="e">rda</marc:subfield>
      </marc:datafield>
      <marc:datafield tag="041" ind1=" " ind2=" ">
         <marc:subfield code="a">ger</marc:subfield>
      </marc:datafield>
      <marc:datafield tag="044" ind1=" " ind2=" ">
         <marc:subfield code="c">XA-DE-NW</marc:subfield>
      </marc:datafield>
      <marc:datafield tag="082" ind1="0" ind2=" ">
         <marc:subfield code="a">792</marc:subfield>
         <marc:subfield code="q">DE-101</marc:subfield>
         <marc:subfield code="2">23sdnb</marc:subfield>
      </marc:datafield>
      <marc:datafield tag="082" ind1="0" ind2=" ">
         <marc:subfield code="a">792.0963</marc:subfield>
         <marc:subfield code="q">DE-101</marc:subfield>
         <marc:subfield code="2">23/ger</marc:subfield>
      </marc:datafield>
      <marc:datafield tag="082" ind1="0" ind2=" ">
         <marc:subfield code="a">792</marc:subfield>
         <marc:subfield code="a">700</marc:subfield>
         <marc:subfield code="q">DE-101</marc:subfield>
         <marc:subfield code="2">23sdnb</marc:subfield>
      </marc:datafield>
      <marc:datafield tag="082" ind1="0" ind2="4">
         <marc:subfield code="a">792</marc:subfield>
         <marc:subfield code="q">DE-101</marc:subfield>
      </marc:datafield>
      <marc:datafield tag="084" ind1=" " ind2=" ">
         <marc:subfield code="a">LC 85541</marc:subfield>
         <marc:subfield code="2">rvk</marc:subfield>
         <marc:subfield code="0">(DE-625)rvk/90697:955</marc:subfield>
      </marc:datafield>
      <marc:datafield tag="084" ind1=" " ind2=" ">
         <marc:subfield code="a">AP 64976</marc:subfield>
         <marc:subfield code="q">BSZ</marc:subfield>
         <marc:subfield code="2">rvk</marc:subfield>
         <marc:subfield code="0">(DE-625)rvk/7835:736</marc:subfield>
      </marc:datafield>
      <marc:datafield tag="084" ind1=" " ind2=" ">
         <marc:subfield code="a">AP 83976</marc:subfield>
         <marc:subfield code="q">BSZ</marc:subfield>
         <marc:subfield code="2">rvk</marc:subfield>
         <marc:subfield code="0">(DE-625)rvk/8027:736</marc:subfield>
      </marc:datafield>
      <marc:datafield tag="084" ind1=" " ind2=" ">
         <marc:subfield code="a">Theaterwissenschaft</marc:subfield>
         <marc:subfield code="2">BIC</marc:subfield>
      </marc:datafield>
      <marc:datafield tag="084" ind1=" " ind2=" ">
         <marc:subfield code="a">15.92</marc:subfield>
         <marc:subfield code="2">bkl</marc:subfield>
      </marc:datafield>
      <marc:datafield tag="084" ind1=" " ind2=" ">
         <marc:subfield code="a">24.06</marc:subfield>
         <marc:subfield code="2">bkl</marc:subfield>
      </marc:datafield>
      <marc:datafield tag="100" ind1="1" ind2=" ">
         <marc:subfield code="a">Köppen, Grit</marc:subfield>
         <marc:subfield code="e">VerfasserIn</marc:subfield>
         <marc:subfield code="0">(DE-588)115018485X</marc:subfield>
         <marc:subfield code="0">(DE-627)101035874X</marc:subfield>
         <marc:subfield code="0">(DE-576)496938177</marc:subfield>
         <marc:subfield code="4">aut</marc:subfield>
      </marc:datafield>
      <marc:datafield tag="245" ind1="1" ind2="0">
         <marc:subfield code="a">Performative Künste in Äthiopien</marc:subfield>
         <marc:subfield code="b">internationale Kulturbeziehungen und postkoloniale Artikulationen</marc:subfield>
         <marc:subfield code="c">Grit Köppen</marc:subfield>
      </marc:datafield>
      <marc:datafield tag="250" ind1=" " ind2=" ">
         <marc:subfield code="a">[1. Auflage]</marc:subfield>
      </marc:datafield>
      <marc:datafield tag="264" ind1=" " ind2="1">
         <marc:subfield code="a">Bielefeld</marc:subfield>
         <marc:subfield code="b">transcript</marc:subfield>
         <marc:subfield code="c">[2017]</marc:subfield>
      </marc:datafield>
      <marc:datafield tag="264" ind1=" " ind2="4">
         <marc:subfield code="c">© 2017</marc:subfield>
      </marc:datafield>
      <marc:datafield tag="300" ind1=" " ind2=" ">
         <marc:subfield code="a">376 Seiten</marc:subfield>
         <marc:subfield code="b">Diagramme</marc:subfield>
         <marc:subfield code="c">23 cm x 15 cm</marc:subfield>
      </marc:datafield>
      <marc:datafield tag="336" ind1=" " ind2=" ">
         <marc:subfield code="a">Text</marc:subfield>
         <marc:subfield code="b">txt</marc:subfield>
         <marc:subfield code="2">rdacontent</marc:subfield>
      </marc:datafield>
      <marc:datafield tag="337" ind1=" " ind2=" ">
         <marc:subfield code="a">ohne Hilfsmittel zu benutzen</marc:subfield>
         <marc:subfield code="b">n</marc:subfield>
         <marc:subfield code="2">rdamedia</marc:subfield>
      </marc:datafield>
      <marc:datafield tag="338" ind1=" " ind2=" ">
         <marc:subfield code="a">Band</marc:subfield>
         <marc:subfield code="b">nc</marc:subfield>
         <marc:subfield code="2">rdacarrier</marc:subfield>
      </marc:datafield>
      <marc:datafield tag="490" ind1="1" ind2=" ">
         <marc:subfield code="a">Theater</marc:subfield>
         <marc:subfield code="v">Band 106</marc:subfield>
      </marc:datafield>
      <marc:datafield tag="502" ind1=" " ind2=" ">
         <marc:subfield code="b">Dissertation</marc:subfield>
         <marc:subfield code="c">Universität Bayreuth</marc:subfield>
         <marc:subfield code="d">2016</marc:subfield>
      </marc:datafield>
      <marc:datafield tag="651" ind1=" " ind2="7">
         <marc:subfield code="0">(DE-588)4011882-4</marc:subfield>
         <marc:subfield code="0">(DE-627)104704861</marc:subfield>
         <marc:subfield code="0">(DE-576)208896155</marc:subfield>
         <marc:subfield code="a">Deutschland</marc:subfield>
         <marc:subfield code="2">gnd</marc:subfield>
      </marc:datafield>
      <marc:datafield tag="651" ind1=" " ind2="7">
         <marc:subfield code="0">(DE-588)4000639-6</marc:subfield>
         <marc:subfield code="0">(DE-627)104585293</marc:subfield>
         <marc:subfield code="0">(DE-576)208838880</marc:subfield>
         <marc:subfield code="a">Äthiopien</marc:subfield>
         <marc:subfield code="2">gnd</marc:subfield>
      </marc:datafield>
      <marc:datafield tag="650" ind1="0" ind2="7">
         <marc:subfield code="0">(DE-588)4069027-1</marc:subfield>
         <marc:subfield code="0">(DE-627)106104470</marc:subfield>
         <marc:subfield code="0">(DE-576)209175362</marc:subfield>
         <marc:subfield code="a">Auswärtige Kulturpolitik</marc:subfield>
         <marc:subfield code="2">gnd</marc:subfield>
      </marc:datafield>
      <marc:datafield tag="650" ind1="0" ind2="7">
         <marc:subfield code="0">(DE-588)4284936-6</marc:subfield>
         <marc:subfield code="0">(DE-627)104319569</marc:subfield>
         <marc:subfield code="0">(DE-576)210795735</marc:subfield>
         <marc:subfield code="a">Potenzial</marc:subfield>
         <marc:subfield code="2">gnd</marc:subfield>
      </marc:datafield>
      <marc:datafield tag="650" ind1="0" ind2="7">
         <marc:subfield code="0">(DE-588)4165964-8</marc:subfield>
         <marc:subfield code="0">(DE-627)105436267</marc:subfield>
         <marc:subfield code="0">(DE-576)20989900X</marc:subfield>
         <marc:subfield code="a">Kulturaustausch</marc:subfield>
         <marc:subfield code="2">gnd</marc:subfield>
      </marc:datafield>
      <marc:datafield tag="650" ind1="0" ind2="7">
         <marc:subfield code="0">(DE-588)4129994-2</marc:subfield>
         <marc:subfield code="0">(DE-627)105705853</marc:subfield>
         <marc:subfield code="0">(DE-576)209615192</marc:subfield>
         <marc:subfield code="a">Kulturinstitut</marc:subfield>
         <marc:subfield code="2">gnd</marc:subfield>
      </marc:datafield>
      <marc:datafield tag="650" ind1="0" ind2="7">
         <marc:subfield code="0">(DE-588)4117713-7</marc:subfield>
         <marc:subfield code="0">(DE-627)105797111</marc:subfield>
         <marc:subfield code="0">(DE-576)209512253</marc:subfield>
         <marc:subfield code="a">Ziel</marc:subfield>
         <marc:subfield code="2">gnd</marc:subfield>
      </marc:datafield>
      <marc:datafield tag="650" ind1="0" ind2="7">
         <marc:subfield code="0">(DE-588)4316519-9</marc:subfield>
         <marc:subfield code="0">(DE-627)126720762</marc:subfield>
         <marc:subfield code="0">(DE-576)211183598</marc:subfield>
         <marc:subfield code="a">Grundsatzprogramm</marc:subfield>
         <marc:subfield code="2">gnd</marc:subfield>
      </marc:datafield>
      <marc:datafield tag="650" ind1="0" ind2="7">
         <marc:subfield code="0">(DE-588)4113393-6</marc:subfield>
         <marc:subfield code="0">(DE-627)105829781</marc:subfield>
         <marc:subfield code="0">(DE-576)209476117</marc:subfield>
         <marc:subfield code="a">Einrichtung</marc:subfield>
         <marc:subfield code="2">gnd</marc:subfield>
      </marc:datafield>
      <marc:datafield tag="650" ind1="0" ind2="7">
         <marc:subfield code="0">(DE-588)4043774-7</marc:subfield>
         <marc:subfield code="0">(DE-627)106208446</marc:subfield>
         <marc:subfield code="0">(DE-576)209057408</marc:subfield>
         <marc:subfield code="a">Organisation</marc:subfield>
         <marc:subfield code="2">gnd</marc:subfield>
      </marc:datafield>
      <marc:datafield tag="650" ind1="0" ind2="7">
         <marc:subfield code="0">(DE-588)4059702-7</marc:subfield>
         <marc:subfield code="0">(DE-627)106142550</marc:subfield>
         <marc:subfield code="0">(DE-576)20913187X</marc:subfield>
         <marc:subfield code="a">Theater</marc:subfield>
         <marc:subfield code="2">gnd</marc:subfield>
      </marc:datafield>
      <marc:datafield tag="650" ind1="0" ind2="7">
         <marc:subfield code="0">(DE-588)4059028-8</marc:subfield>
         <marc:subfield code="0">(DE-627)106144979</marc:subfield>
         <marc:subfield code="0">(DE-576)209129018</marc:subfield>
         <marc:subfield code="a">Tanz</marc:subfield>
         <marc:subfield code="2">gnd</marc:subfield>
      </marc:datafield>
      <marc:datafield tag="650" ind1="0" ind2="7">
         <marc:subfield code="0">(DE-588)4040802-4</marc:subfield>
         <marc:subfield code="0">(DE-627)104137754</marc:subfield>
         <marc:subfield code="0">(DE-576)209042346</marc:subfield>
         <marc:subfield code="a">Musik</marc:subfield>
         <marc:subfield code="2">gnd</marc:subfield>
      </marc:datafield>
      <marc:datafield tag="650" ind1="0" ind2="7">
         <marc:subfield code="0">(DE-588)4120503-0</marc:subfield>
         <marc:subfield code="0">(DE-627)104529164</marc:subfield>
         <marc:subfield code="0">(DE-576)209535644</marc:subfield>
         <marc:subfield code="a">Internationale Kooperation</marc:subfield>
         <marc:subfield code="2">gnd</marc:subfield>
      </marc:datafield>
      <marc:datafield tag="650" ind1="0" ind2="7">
         <marc:subfield code="0">(DE-588)4115645-6</marc:subfield>
         <marc:subfield code="0">(DE-627)105812749</marc:subfield>
         <marc:subfield code="0">(DE-576)209494948</marc:subfield>
         <marc:subfield code="a">Projekt</marc:subfield>
         <marc:subfield code="2">gnd</marc:subfield>
      </marc:datafield>
      <marc:datafield tag="650" ind1="0" ind2="7">
         <marc:subfield code="0">(DE-588)4026661-8</marc:subfield>
         <marc:subfield code="0">(DE-627)10468285X</marc:subfield>
         <marc:subfield code="0">(DE-576)208967494</marc:subfield>
         <marc:subfield code="a">Implementation</marc:subfield>
         <marc:subfield code="2">gnd</marc:subfield>
      </marc:datafield>
      <marc:datafield tag="650" ind1="0" ind2="7">
         <marc:subfield code="0">(DE-588)4566658-1</marc:subfield>
         <marc:subfield code="0">(DE-627)306090619</marc:subfield>
         <marc:subfield code="0">(DE-576)21377948X</marc:subfield>
         <marc:subfield code="a">Postkolonialismus</marc:subfield>
         <marc:subfield code="2">gnd</marc:subfield>
      </marc:datafield>
      <marc:datafield tag="650" ind1="0" ind2="7">
         <marc:subfield code="0">(DE-588)4014606-6</marc:subfield>
         <marc:subfield code="0">(DE-627)106339389</marc:subfield>
         <marc:subfield code="0">(DE-576)208908633</marc:subfield>
         <marc:subfield code="a">Empirische Sozialforschung</marc:subfield>
         <marc:subfield code="2">gnd</marc:subfield>
      </marc:datafield>
      <marc:datafield tag="650" ind1="0" ind2="7">
         <marc:subfield code="0">(DE-588)4124897-1</marc:subfield>
         <marc:subfield code="0">(DE-627)104188782</marc:subfield>
         <marc:subfield code="0">(DE-576)209571985</marc:subfield>
         <marc:subfield code="a">Fallstudie</marc:subfield>
         <marc:subfield code="2">gnd</marc:subfield>
      </marc:datafield>
      <marc:datafield tag="655" ind1=" " ind2="7">
         <marc:subfield code="a">Hochschulschrift</marc:subfield>
         <marc:subfield code="0">(DE-588)4113937-9</marc:subfield>
         <marc:subfield code="0">(DE-627)105825778</marc:subfield>
         <marc:subfield code="0">(DE-576)209480580</marc:subfield>
         <marc:subfield code="2">gnd-content</marc:subfield>
      </marc:datafield>
      <marc:datafield tag="689" ind1="0" ind2="0">
         <marc:subfield code="D">g</marc:subfield>
         <marc:subfield code="0">(DE-588)4000639-6</marc:subfield>
         <marc:subfield code="0">(DE-627)104585293</marc:subfield>
         <marc:subfield code="0">(DE-576)208838880</marc:subfield>
         <marc:subfield code="a">Äthiopien</marc:subfield>
         <marc:subfield code="2">gnd</marc:subfield>
      </marc:datafield>
      <marc:datafield tag="689" ind1="0" ind2="1">
         <marc:subfield code="D">s</marc:subfield>
         <marc:subfield code="0">(DE-588)4059702-7</marc:subfield>
         <marc:subfield code="0">(DE-627)106142550</marc:subfield>
         <marc:subfield code="0">(DE-576)20913187X</marc:subfield>
         <marc:subfield code="a">Theater</marc:subfield>
         <marc:subfield code="2">gnd</marc:subfield>
      </marc:datafield>
      <marc:datafield tag="689" ind1="0" ind2="2">
         <marc:subfield code="D">s</marc:subfield>
         <marc:subfield code="0">(DE-588)4173750-7</marc:subfield>
         <marc:subfield code="0">(DE-627)105377503</marc:subfield>
         <marc:subfield code="0">(DE-576)209952407</marc:subfield>
         <marc:subfield code="a">Performance</marc:subfield>
         <marc:subfield code="g">Künste</marc:subfield>
         <marc:subfield code="2">gnd</marc:subfield>
      </marc:datafield>
      <marc:datafield tag="689" ind1="0" ind2="3">
         <marc:subfield code="D">s</marc:subfield>
         <marc:subfield code="0">(DE-588)4566658-1</marc:subfield>
         <marc:subfield code="0">(DE-627)306090619</marc:subfield>
         <marc:subfield code="0">(DE-576)21377948X</marc:subfield>
         <marc:subfield code="a">Postkolonialismus</marc:subfield>
         <marc:subfield code="2">gnd</marc:subfield>
      </marc:datafield>
      <marc:datafield tag="689" ind1="0" ind2="4">
         <marc:subfield code="A">z</marc:subfield>
         <marc:subfield code="2">gnd</marc:subfield>
         <marc:subfield code="a">Geschichte 1990-2017</marc:subfield>
      </marc:datafield>
      <marc:datafield tag="689" ind1="0" ind2=" ">
         <marc:subfield code="5">DE-101</marc:subfield>
      </marc:datafield>
      <marc:datafield tag="710" ind1="2" ind2=" ">
         <marc:subfield code="a">Universität Bayreuth</marc:subfield>
         <marc:subfield code="e">Grad-verleihende Institution</marc:subfield>
         <marc:subfield code="0">(DE-588)1029605-0</marc:subfield>
         <marc:subfield code="0">(DE-627)103710957</marc:subfield>
         <marc:subfield code="0">(DE-576)191317144</marc:subfield>
         <marc:subfield code="4">dgg</marc:subfield>
      </marc:datafield>
      <marc:datafield tag="751" ind1=" " ind2=" ">
         <marc:subfield code="a">Bayreuth</marc:subfield>
         <marc:subfield code="0">(DE-588)4005056-7</marc:subfield>
         <marc:subfield code="0">(DE-627)106383183</marc:subfield>
         <marc:subfield code="0">(DE-576)208858997</marc:subfield>
         <marc:subfield code="4">uvp</marc:subfield>
      </marc:datafield>
      <marc:datafield tag="776" ind1="1" ind2=" ">
         <marc:subfield code="z">9783839441404</marc:subfield>
         <marc:subfield code="c">PDF</marc:subfield>
      </marc:datafield>
      <marc:datafield tag="776" ind1="0" ind2="8">
         <marc:subfield code="i">Erscheint auch als</marc:subfield>
         <marc:subfield code="n">Online-Ausgabe, Content Select</marc:subfield>
         <marc:subfield code="a">Köppen, Grit</marc:subfield>
         <marc:subfield code="t">Performative Künste in Äthiopien</marc:subfield>
         <marc:subfield code="d">Bielefeld : transcript, 2017</marc:subfield>
         <marc:subfield code="h">1 Online-Ressource (376 Seiten)</marc:subfield>
         <marc:subfield code="w">(DE-627)1655496743</marc:subfield>
         <marc:subfield code="w">(DE-576)504053329</marc:subfield>
         <marc:subfield code="z">9783839441404</marc:subfield>
      </marc:datafield>
      <marc:datafield tag="776" ind1="0" ind2="8">
         <marc:subfield code="i">Erscheint auch als</marc:subfield>
         <marc:subfield code="n">Online-Ausgabe</marc:subfield>
         <marc:subfield code="a">Köppen, Grit</marc:subfield>
         <marc:subfield code="t">Performative Künste in Äthiopien</marc:subfield>
         <marc:subfield code="d">Bielefeld : transcript-Verlag, 2018</marc:subfield>
         <marc:subfield code="h">1 Online-Ressource (376 Seiten)</marc:subfield>
         <marc:subfield code="w">(DE-627)1015634575</marc:subfield>
         <marc:subfield code="w">(DE-576)502310103</marc:subfield>
         <marc:subfield code="z">9783839441404</marc:subfield>
      </marc:datafield>
      <marc:datafield tag="830" ind1=" " ind2="0">
         <marc:subfield code="a">Theater</marc:subfield>
         <marc:subfield code="v">Band 106</marc:subfield>
         <marc:subfield code="9">106</marc:subfield>
         <marc:subfield code="w">(DE-627)574357750</marc:subfield>
         <marc:subfield code="w">(DE-576)282680039</marc:subfield>
         <marc:subfield code="w">(DE-600)2442953-3</marc:subfield>
         <marc:subfield code="x">2700-3922</marc:subfield>
      </marc:datafield>
      <marc:datafield tag="856" ind1="4" ind2="2">
         <marc:subfield code="u">http://www.transcript-verlag.de/978-3-8376-4140-0</marc:subfield>
         <marc:subfield code="m">X: MVB</marc:subfield>
         <marc:subfield code="v">2017-10-09</marc:subfield>
         <marc:subfield code="x">Verlag</marc:subfield>
      </marc:datafield>
      <marc:datafield tag="856" ind1="4" ind2="2">
         <marc:subfield code="u">http://d-nb.info/1140129414/04</marc:subfield>
         <marc:subfield code="m">B:DE-101</marc:subfield>
         <marc:subfield code="q">application/pdf</marc:subfield>
         <marc:subfield code="3">Inhaltsverzeichnis</marc:subfield>
      </marc:datafield>
      <marc:datafield tag="935" ind1=" " ind2=" ">
         <marc:subfield code="i">Blocktest</marc:subfield>
      </marc:datafield>
      <marc:datafield tag="936" ind1="r" ind2="v">
         <marc:subfield code="a">LC 85541</marc:subfield>
         <marc:subfield code="b">Äthiopien, Eritrea</marc:subfield>
         <marc:subfield code="k">Ethnologie</marc:subfield>
         <marc:subfield code="k">Kunst und Wissen</marc:subfield>
         <marc:subfield code="k">Theater-, Musik- und Kunstethnologie</marc:subfield>
         <marc:subfield code="k">Drama, Schauspiel und Schaustellungen</marc:subfield>
         <marc:subfield code="k">Afrika</marc:subfield>
         <marc:subfield code="k">Subsaharisches Afrika</marc:subfield>
         <marc:subfield code="k">Ostafrika</marc:subfield>
         <marc:subfield code="k">Horn von Afrika</marc:subfield>
         <marc:subfield code="k">Äthiopien, Eritrea</marc:subfield>
         <marc:subfield code="0">(DE-627)1398958069</marc:subfield>
         <marc:subfield code="0">(DE-625)rvk/90697:955</marc:subfield>
         <marc:subfield code="0">(DE-576)328958069</marc:subfield>
      </marc:datafield>
      <marc:datafield tag="936" ind1="r" ind2="v">
         <marc:subfield code="a">AP 64976</marc:subfield>
         <marc:subfield code="b">Ostafrika</marc:subfield>
         <marc:subfield code="k">Allgemeines</marc:subfield>
         <marc:subfield code="k">Medien- und Kommunikationswissenschaften, Kommunikationsdesign</marc:subfield>
         <marc:subfield code="k">Theater</marc:subfield>
         <marc:subfield code="k">Biografie, Geschichte</marc:subfield>
         <marc:subfield code="k">Theater in einzelnen Ländern</marc:subfield>
         <marc:subfield code="k">Afrika</marc:subfield>
         <marc:subfield code="k">Subsaharisches Afrika</marc:subfield>
         <marc:subfield code="k">Ostafrika</marc:subfield>
         <marc:subfield code="0">(DE-627)1272029417</marc:subfield>
         <marc:subfield code="0">(DE-625)rvk/7835:736</marc:subfield>
         <marc:subfield code="0">(DE-576)202029417</marc:subfield>
      </marc:datafield>
      <marc:datafield tag="936" ind1="r" ind2="v">
         <marc:subfield code="a">AP 83976</marc:subfield>
         <marc:subfield code="b">Ostafrika</marc:subfield>
         <marc:subfield code="k">Allgemeines</marc:subfield>
         <marc:subfield code="k">Medien- und Kommunikationswissenschaften, Kommunikationsdesign</marc:subfield>
         <marc:subfield code="k">Tanz</marc:subfield>
         <marc:subfield code="k">Geschichte und Entwicklung</marc:subfield>
         <marc:subfield code="k">Tanzgeschichte einzelner Länder</marc:subfield>
         <marc:subfield code="k">Afrika</marc:subfield>
         <marc:subfield code="k">Subsaharisches Afrika</marc:subfield>
         <marc:subfield code="k">Ostafrika</marc:subfield>
         <marc:subfield code="0">(DE-627)1273380460</marc:subfield>
         <marc:subfield code="0">(DE-625)rvk/8027:736</marc:subfield>
         <marc:subfield code="0">(DE-576)203380460</marc:subfield>
      </marc:datafield>
      <marc:datafield tag="936" ind1="b" ind2="k">
         <marc:subfield code="a">15.92</marc:subfield>
         <marc:subfield code="j">Afrika südlich der Sahara</marc:subfield>
         <marc:subfield code="x">Geschichte</marc:subfield>
         <marc:subfield code="0">(DE-627)181569752</marc:subfield>
      </marc:datafield>
      <marc:datafield tag="936" ind1="b" ind2="k">
         <marc:subfield code="a">24.06</marc:subfield>
         <marc:subfield code="j">Theatergeschichte</marc:subfield>
         <marc:subfield code="0">(DE-627)106405845</marc:subfield>
      </marc:datafield>
      <marc:datafield tag="936" ind1="f" ind2="i">
         <marc:subfield code="a">RA05.01</marc:subfield>
         <marc:subfield code="b">Deutschland</marc:subfield>
         <marc:subfield code="k">Europa</marc:subfield>
         <marc:subfield code="k">Mitteleuropa</marc:subfield>
         <marc:subfield code="k">Deutschland</marc:subfield>
         <marc:subfield code="0">(DE-627)1756131678</marc:subfield>
         <marc:subfield code="2">fivr</marc:subfield>
      </marc:datafield>
      <marc:datafield tag="936" ind1="f" ind2="i">
         <marc:subfield code="a">RF05.01</marc:subfield>
         <marc:subfield code="b">Äthiopien</marc:subfield>
         <marc:subfield code="k">Afrika südlich der Sahara</marc:subfield>
         <marc:subfield code="k">Nordostafrika</marc:subfield>
         <marc:subfield code="k">Äthiopien</marc:subfield>
         <marc:subfield code="0">(DE-627)1756133425</marc:subfield>
         <marc:subfield code="2">fivr</marc:subfield>
      </marc:datafield>
      <marc:datafield tag="936" ind1="f" ind2="i">
         <marc:subfield code="a">SE01</marc:subfield>
         <marc:subfield code="b">Auswärtige Kulturpolitik</marc:subfield>
         <marc:subfield code="k">Internationale Kulturbeziehungen</marc:subfield>
         <marc:subfield code="k">Auswärtige Kulturpolitik</marc:subfield>
         <marc:subfield code="0">(DE-627)1756135665</marc:subfield>
         <marc:subfield code="2">fivs</marc:subfield>
      </marc:datafield>
      <marc:datafield tag="936" ind1="f" ind2="i">
         <marc:subfield code="a">SE05</marc:subfield>
         <marc:subfield code="b">Kulturaustausch/Kulturkontakt</marc:subfield>
         <marc:subfield code="k">Internationale Kulturbeziehungen</marc:subfield>
         <marc:subfield code="k">Kulturaustausch/Kulturkontakt</marc:subfield>
         <marc:subfield code="0">(DE-627)1756135703</marc:subfield>
         <marc:subfield code="2">fivs</marc:subfield>
      </marc:datafield>
      <marc:datafield tag="936" ind1="f" ind2="i">
         <marc:subfield code="a">SG08</marc:subfield>
         <marc:subfield code="b">Kultur/Sprache/Kunst</marc:subfield>
         <marc:subfield code="k">Gesellschaft</marc:subfield>
         <marc:subfield code="k">Kultur/Sprache/Kunst</marc:subfield>
         <marc:subfield code="0">(DE-627)1756136084</marc:subfield>
         <marc:subfield code="2">fivs</marc:subfield>
      </marc:datafield>
      <marc:datafield tag="936" ind1="f" ind2="i">
         <marc:subfield code="a">ZHA021</marc:subfield>
         <marc:subfield code="b">Bilaterale Kulturbeziehungen</marc:subfield>
         <marc:subfield code="k">Bilaterale Kulturbeziehungen</marc:subfield>
         <marc:subfield code="2">fivw</marc:subfield>
      </marc:datafield>
      <marc:datafield tag="936" ind1="f" ind2="i">
         <marc:subfield code="a">ZHA111</marc:subfield>
         <marc:subfield code="b">Kunst und Musik</marc:subfield>
         <marc:subfield code="k">Kunst und Musik</marc:subfield>
         <marc:subfield code="2">fivw</marc:subfield>
      </marc:datafield>
      <marc:datafield tag="938" ind1="1" ind2="0">
         <marc:subfield code="0">(DE-627)175614625X</marc:subfield>
         <marc:subfield code="0">(DE-615)800559570</marc:subfield>
         <marc:subfield code="a">Deutschland</marc:subfield>
      </marc:datafield>
      <marc:datafield tag="938" ind1="1" ind2="0">
         <marc:subfield code="0">(DE-627)1756161178</marc:subfield>
         <marc:subfield code="0">(DE-615)800382850</marc:subfield>
         <marc:subfield code="a">Äthiopien</marc:subfield>
      </marc:datafield>
      <marc:datafield tag="938" ind1="1" ind2="0">
         <marc:subfield code="0">(DE-627)1756214654</marc:subfield>
         <marc:subfield code="0">(DE-615)800002638</marc:subfield>
         <marc:subfield code="a">Auswärtige Kulturpolitik</marc:subfield>
      </marc:datafield>
      <marc:datafield tag="938" ind1="1" ind2="0">
         <marc:subfield code="0">(DE-627)1756240469</marc:subfield>
         <marc:subfield code="0">(DE-615)800145424</marc:subfield>
         <marc:subfield code="a">Potential</marc:subfield>
      </marc:datafield>
      <marc:datafield tag="938" ind1="1" ind2="0">
         <marc:subfield code="0">(DE-627)1756171785</marc:subfield>
         <marc:subfield code="0">(DE-615)800442372</marc:subfield>
         <marc:subfield code="a">Kulturaustausch</marc:subfield>
      </marc:datafield>
      <marc:datafield tag="938" ind1="1" ind2="0">
         <marc:subfield code="0">(DE-627)1756211000</marc:subfield>
         <marc:subfield code="0">(DE-615)800340138</marc:subfield>
         <marc:subfield code="a">Mittlerorganisation (Auswärtige Kulturpolitik)</marc:subfield>
      </marc:datafield>
      <marc:datafield tag="938" ind1="1" ind2="0">
         <marc:subfield code="0">(DE-627)371320380</marc:subfield>
         <marc:subfield code="0">(DE-588)5550423-1</marc:subfield>
         <marc:subfield code="a">Goethe-Institut</marc:subfield>
         <marc:subfield code="g">Addis Abeba</marc:subfield>
         <marc:subfield code="2">gnd</marc:subfield>
      </marc:datafield>
      <marc:datafield tag="938" ind1="1" ind2="0">
         <marc:subfield code="0">(DE-627)1756139024</marc:subfield>
         <marc:subfield code="0">(DE-615)800691827</marc:subfield>
         <marc:subfield code="a">Ziele und Programme von Institutionen/Organisationen</marc:subfield>
      </marc:datafield>
      <marc:datafield tag="938" ind1="1" ind2="0">
         <marc:subfield code="0">(DE-627)1756221073</marc:subfield>
         <marc:subfield code="0">(DE-615)800346644</marc:subfield>
         <marc:subfield code="a">Kulturprojekt</marc:subfield>
      </marc:datafield>
      <marc:datafield tag="938" ind1="1" ind2="0">
         <marc:subfield code="0">(DE-627)1756206406</marc:subfield>
         <marc:subfield code="0">(DE-615)800534496</marc:subfield>
         <marc:subfield code="a">Theater</marc:subfield>
      </marc:datafield>
      <marc:datafield tag="938" ind1="1" ind2="0">
         <marc:subfield code="0">(DE-627)1756164991</marc:subfield>
         <marc:subfield code="0">(DE-615)800294573</marc:subfield>
         <marc:subfield code="a">Tanz</marc:subfield>
      </marc:datafield>
      <marc:datafield tag="938" ind1="1" ind2="0">
         <marc:subfield code="0">(DE-627)1756205051</marc:subfield>
         <marc:subfield code="0">(DE-615)800696171</marc:subfield>
         <marc:subfield code="a">Musik</marc:subfield>
      </marc:datafield>
      <marc:datafield tag="938" ind1="1" ind2="0">
         <marc:subfield code="0">(DE-627)1756169527</marc:subfield>
         <marc:subfield code="0">(DE-615)800518078</marc:subfield>
         <marc:subfield code="a">Internationale projektbezogene Zusammenarbeit</marc:subfield>
      </marc:datafield>
      <marc:datafield tag="938" ind1="1" ind2="0">
         <marc:subfield code="0">(DE-627)1756157308</marc:subfield>
         <marc:subfield code="0">(DE-615)800184705</marc:subfield>
         <marc:subfield code="a">Durchführung von Projekten</marc:subfield>
      </marc:datafield>
      <marc:datafield tag="938" ind1="1" ind2="0">
         <marc:subfield code="0">(DE-627)1756162883</marc:subfield>
         <marc:subfield code="0">(DE-615)800328456</marc:subfield>
         <marc:subfield code="a">Postkolonialismus</marc:subfield>
      </marc:datafield>
      <marc:datafield tag="938" ind1="1" ind2="0">
         <marc:subfield code="0">(DE-627)1756179506</marc:subfield>
         <marc:subfield code="0">(DE-615)800392615</marc:subfield>
         <marc:subfield code="a">Empirische Sozialforschung</marc:subfield>
      </marc:datafield>
      <marc:datafield tag="938" ind1="1" ind2="0">
         <marc:subfield code="0">(DE-627)1756145318</marc:subfield>
         <marc:subfield code="0">(DE-615)800481960</marc:subfield>
         <marc:subfield code="a">Fallstudie</marc:subfield>
      </marc:datafield>
      <marc:datafield tag="938" ind1="1" ind2="1">
         <marc:subfield code="0">(DE-627)1756190798</marc:subfield>
         <marc:subfield code="0">(DE-615)800350153</marc:subfield>
         <marc:subfield code="a">Interkulturelle Beziehungen</marc:subfield>
      </marc:datafield>
      <marc:datafield tag="938" ind1="1" ind2="1">
         <marc:subfield code="0">(DE-627)1756180741</marc:subfield>
         <marc:subfield code="0">(DE-615)800155608</marc:subfield>
         <marc:subfield code="a">Kulturkontakt</marc:subfield>
      </marc:datafield>
      <marc:datafield tag="938" ind1="1" ind2="1">
         <marc:subfield code="0">(DE-627)1756239290</marc:subfield>
         <marc:subfield code="0">(DE-615)800589888</marc:subfield>
         <marc:subfield code="a">Kulturzugang</marc:subfield>
      </marc:datafield>
      <marc:datafield tag="938" ind1="1" ind2="1">
         <marc:subfield code="0">(DE-627)1756163782</marc:subfield>
         <marc:subfield code="0">(DE-615)800270929</marc:subfield>
         <marc:subfield code="a">Nichtverbale Kommunikation</marc:subfield>
      </marc:datafield>
      <marc:datafield tag="938" ind1="1" ind2="1">
         <marc:subfield code="0">(DE-627)175618030X</marc:subfield>
         <marc:subfield code="0">(DE-615)800615093</marc:subfield>
         <marc:subfield code="a">Ästhetik</marc:subfield>
      </marc:datafield>
      <marc:datafield tag="938" ind1="1" ind2="1">
         <marc:subfield code="0">(DE-627)1756161054</marc:subfield>
         <marc:subfield code="0">(DE-615)800383335</marc:subfield>
         <marc:subfield code="a">Verhältnis Kunst/Kultur - Politik/Gesellschaft</marc:subfield>
      </marc:datafield>
      <marc:datafield tag="938" ind1="1" ind2="1">
         <marc:subfield code="0">(DE-627)1756195293</marc:subfield>
         <marc:subfield code="0">(DE-615)800522224</marc:subfield>
         <marc:subfield code="a">Verhältnis Ideologie - Kultur</marc:subfield>
      </marc:datafield>
      <marc:datafield tag="951" ind1=" " ind2=" ">
         <marc:subfield code="a">BO</marc:subfield>
      </marc:datafield>
   </marc:record>