
   <marc:record>
      <marc:leader>     cam a22        4500</marc:leader>
      <marc:controlfield tag="001">455303584</marc:controlfield>
      <marc:controlfield tag="003">DE-576</marc:controlfield>
      <marc:controlfield tag="005">20210429162747.0</marc:controlfield>
      <marc:controlfield tag="007">tu</marc:controlfield>
      <marc:controlfield tag="008">160120s2016    sz ||||| cc   00| ||ger c</marc:controlfield>
      <marc:datafield tag="015" ind1=" " ind2=" ">
         <marc:subfield code="a">16,N02</marc:subfield>
         <marc:subfield code="2">dnb</marc:subfield>
      </marc:datafield>
      <marc:datafield tag="016" ind1="7" ind2=" ">
         <marc:subfield code="a">1080529012</marc:subfield>
         <marc:subfield code="2">DE-101</marc:subfield>
      </marc:datafield>
      <marc:datafield tag="020" ind1=" " ind2=" ">
         <marc:subfield code="a">9783038500216</marc:subfield>
         <marc:subfield code="c">Kunst. : sfr 32.00 (freier Pr.), EUR 29.80 (DE)</marc:subfield>
         <marc:subfield code="9">978-3-03850-021-6</marc:subfield>
      </marc:datafield>
      <marc:datafield tag="020" ind1=" " ind2=" ">
         <marc:subfield code="a">9783038500209</marc:subfield>
         <marc:subfield code="c"> : Museumsausgabe broschiert</marc:subfield>
         <marc:subfield code="9">978-3-03850-020-9</marc:subfield>
      </marc:datafield>
      <marc:datafield tag="020" ind1=" " ind2=" ">
         <marc:subfield code="a">3038500216</marc:subfield>
         <marc:subfield code="9">3-03850-021-6</marc:subfield>
      </marc:datafield>
      <marc:datafield tag="024" ind1="3" ind2=" ">
         <marc:subfield code="a">9783038500216</marc:subfield>
      </marc:datafield>
      <marc:datafield tag="035" ind1=" " ind2=" ">
         <marc:subfield code="a">(DE-627)846161311</marc:subfield>
      </marc:datafield>
      <marc:datafield tag="035" ind1=" " ind2=" ">
         <marc:subfield code="a">(DE-576)455303584</marc:subfield>
      </marc:datafield>
      <marc:datafield tag="035" ind1=" " ind2=" ">
         <marc:subfield code="a">(DE-599)DNB1080529012</marc:subfield>
      </marc:datafield>
      <marc:datafield tag="035" ind1=" " ind2=" ">
         <marc:subfield code="a">(OCoLC)934809996</marc:subfield>
      </marc:datafield>
      <marc:datafield tag="035" ind1=" " ind2=" ">
         <marc:subfield code="a">(OCoLC)934809996</marc:subfield>
      </marc:datafield>
      <marc:datafield tag="035" ind1=" " ind2=" ">
         <marc:subfield code="a">(OCoLC)1050679637</marc:subfield>
      </marc:datafield>
      <marc:datafield tag="035" ind1=" " ind2=" ">
         <marc:subfield code="a">(OCoLC)1077767699</marc:subfield>
      </marc:datafield>
      <marc:datafield tag="035" ind1=" " ind2=" ">
         <marc:subfield code="a">(DE-101)1080529012</marc:subfield>
      </marc:datafield>
      <marc:datafield tag="035" ind1=" " ind2=" ">
         <marc:subfield code="a">(DE-Rt5)4668630</marc:subfield>
      </marc:datafield>
      <marc:datafield tag="040" ind1=" " ind2=" ">
         <marc:subfield code="a">DE-576</marc:subfield>
         <marc:subfield code="b">ger</marc:subfield>
         <marc:subfield code="c">DE-576</marc:subfield>
         <marc:subfield code="e">rda</marc:subfield>
      </marc:datafield>
      <marc:datafield tag="041" ind1=" " ind2=" ">
         <marc:subfield code="a">ger</marc:subfield>
      </marc:datafield>
      <marc:datafield tag="044" ind1=" " ind2=" ">
         <marc:subfield code="c">XA-CH</marc:subfield>
         <marc:subfield code="c">XA-DE</marc:subfield>
      </marc:datafield>
      <marc:datafield tag="050" ind1=" " ind2="0">
         <marc:subfield code="a">GV1785.B349</marc:subfield>
      </marc:datafield>
      <marc:datafield tag="082" ind1="0" ind2=" ">
         <marc:subfield code="a">792.82092</marc:subfield>
         <marc:subfield code="q">DE-101</marc:subfield>
         <marc:subfield code="2">22/ger</marc:subfield>
      </marc:datafield>
      <marc:datafield tag="082" ind1="0" ind2=" ">
         <marc:subfield code="a">792</marc:subfield>
         <marc:subfield code="q">DE-101</marc:subfield>
         <marc:subfield code="2">23sdnb</marc:subfield>
      </marc:datafield>
      <marc:datafield tag="082" ind1="0" ind2=" ">
         <marc:subfield code="a">800</marc:subfield>
         <marc:subfield code="2">23sdnb</marc:subfield>
      </marc:datafield>
      <marc:datafield tag="082" ind1="0" ind2="4">
         <marc:subfield code="a">792</marc:subfield>
         <marc:subfield code="q">DE-101</marc:subfield>
      </marc:datafield>
      <marc:datafield tag="084" ind1=" " ind2=" ">
         <marc:subfield code="a">Syk           Bausch, P.</marc:subfield>
         <marc:subfield code="2">asb</marc:subfield>
      </marc:datafield>
      <marc:datafield tag="084" ind1=" " ind2=" ">
         <marc:subfield code="a">SYB 22        Bausch, Pina</marc:subfield>
         <marc:subfield code="2">ssd</marc:subfield>
      </marc:datafield>
      <marc:datafield tag="084" ind1=" " ind2=" ">
         <marc:subfield code="a">Th 435        Bausch, Pina</marc:subfield>
         <marc:subfield code="2">sfb</marc:subfield>
      </marc:datafield>
      <marc:datafield tag="084" ind1=" " ind2=" ">
         <marc:subfield code="a">K 931         Bausch, P.</marc:subfield>
         <marc:subfield code="2">kab</marc:subfield>
      </marc:datafield>
      <marc:datafield tag="084" ind1=" " ind2=" ">
         <marc:subfield code="a">AP 87350</marc:subfield>
         <marc:subfield code="q">OBV</marc:subfield>
         <marc:subfield code="2">rvk</marc:subfield>
         <marc:subfield code="0">(DE-625)rvk/8088:</marc:subfield>
      </marc:datafield>
      <marc:datafield tag="084" ind1=" " ind2=" ">
         <marc:subfield code="a">24.01</marc:subfield>
         <marc:subfield code="2">bkl</marc:subfield>
      </marc:datafield>
      <marc:datafield tag="084" ind1=" " ind2=" ">
         <marc:subfield code="a">24.15</marc:subfield>
         <marc:subfield code="2">bkl</marc:subfield>
      </marc:datafield>
      <marc:datafield tag="100" ind1="1" ind2=" ">
         <marc:subfield code="a">Bausch, Pina</marc:subfield>
         <marc:subfield code="d">1940-2009</marc:subfield>
         <marc:subfield code="e">InterviewteR</marc:subfield>
         <marc:subfield code="0">(DE-588)118507680</marc:subfield>
         <marc:subfield code="0">(DE-627)079311741</marc:subfield>
         <marc:subfield code="0">(DE-576)166293857</marc:subfield>
         <marc:subfield code="4">ive</marc:subfield>
      </marc:datafield>
      <marc:datafield tag="245" ind1="1" ind2="0">
         <marc:subfield code="a">O-Ton Pina Bausch</marc:subfield>
         <marc:subfield code="b">Interviews und Reden</marc:subfield>
         <marc:subfield code="c">herausgegeben von Stefan Koldehoff und der Pina Bausch Foundation ; Redaktion Magdalene Zuther</marc:subfield>
      </marc:datafield>
      <marc:datafield tag="246" ind1="1" ind2=" ">
         <marc:subfield code="i">Titel der Ausstellung</marc:subfield>
         <marc:subfield code="a">Pina Bausch und das Tanztheater</marc:subfield>
      </marc:datafield>
      <marc:datafield tag="264" ind1=" " ind2="1">
         <marc:subfield code="a">Wädenswil, Schweiz</marc:subfield>
         <marc:subfield code="b">Nimbus, Kunst und Bücher</marc:subfield>
         <marc:subfield code="c">[2016]</marc:subfield>
      </marc:datafield>
      <marc:datafield tag="264" ind1=" " ind2="4">
         <marc:subfield code="c">© 2016</marc:subfield>
      </marc:datafield>
      <marc:datafield tag="300" ind1=" " ind2=" ">
         <marc:subfield code="a">399 Seiten</marc:subfield>
         <marc:subfield code="b">Illustrationen</marc:subfield>
      </marc:datafield>
      <marc:datafield tag="336" ind1=" " ind2=" ">
         <marc:subfield code="a">Text</marc:subfield>
         <marc:subfield code="b">txt</marc:subfield>
         <marc:subfield code="2">rdacontent</marc:subfield>
      </marc:datafield>
      <marc:datafield tag="337" ind1=" " ind2=" ">
         <marc:subfield code="a">ohne Hilfsmittel zu benutzen</marc:subfield>
         <marc:subfield code="b">n</marc:subfield>
         <marc:subfield code="2">rdamedia</marc:subfield>
      </marc:datafield>
      <marc:datafield tag="338" ind1=" " ind2=" ">
         <marc:subfield code="a">Band</marc:subfield>
         <marc:subfield code="b">nc</marc:subfield>
         <marc:subfield code="2">rdacarrier</marc:subfield>
      </marc:datafield>
      <marc:datafield tag="490" ind1="1" ind2=" ">
         <marc:subfield code="a">Pina Bausch Editions</marc:subfield>
         <marc:subfield code="v">Band 1</marc:subfield>
      </marc:datafield>
      <marc:datafield tag="500" ind1=" " ind2=" ">
         <marc:subfield code="a">"Diese Publikation erscheint anlässlich der Ausstellung Pina Bausch und das Tanztheater vom 4. März bis 24. Juli 2016 in der Kunst- und Ausstellungshalle der Bundesrepublik Deutschland, Bonn, und vom 16. September 2016 bis 9. Januar 2017 im Martin-Gropius-Bau, Berlin" - Seite 398</marc:subfield>
      </marc:datafield>
      <marc:datafield tag="500" ind1=" " ind2=" ">
         <marc:subfield code="a">Hier auch Ausgabe ohne Ausstellungshinweis auf Seite 398</marc:subfield>
      </marc:datafield>
      <marc:datafield tag="500" ind1=" " ind2=" ">
         <marc:subfield code="a">In der broschierten Ausgabe ist keine Serienzählung vorhanden</marc:subfield>
      </marc:datafield>
      <marc:datafield tag="500" ind1=" " ind2=" ">
         <marc:subfield code="a">Hier auch später erschienene, unveränderte Nachdrucke</marc:subfield>
      </marc:datafield>
      <marc:datafield tag="505" ind1="8" ind2="0">
         <marc:subfield code="t">Grusswort</marc:subfield>
         <marc:subfield code="r">Prof. Monika Grütters</marc:subfield>
      </marc:datafield>
      <marc:datafield tag="505" ind1="8" ind2="0">
         <marc:subfield code="t">Pina Bausch als Gesprächspartnerin</marc:subfield>
         <marc:subfield code="r">Anne Linsel</marc:subfield>
      </marc:datafield>
      <marc:datafield tag="505" ind1="8" ind2="0">
         <marc:subfield code="t">Tanztheater in Wuppertal (1973)</marc:subfield>
         <marc:subfield code="r">Pina Bausch</marc:subfield>
      </marc:datafield>
      <marc:datafield tag="505" ind1="8" ind2="0">
         <marc:subfield code="t">... ich empfinde Menschen sehr stark Gespräch mit Edmund Gleede (1975) ; Fragen an Pina Bausch zu ihrer Inszenierung von Glucks Orpheus und Eurydike Auszug aus einem Gespräch mit Edmund Gleede (1975) ; Nicht wie sich Menschen bewegen, sondern was sie bewegt Gespräch mit Jochen Schmidt (1978) ; Eine gewisse Erregung dabei, Bin im Moment bei den Gefühlen Gespräch mit Stephen Locke (1979) ; Mit dem Theater wollte ich eigentlich nie etwas zu tun haben Gespräch mit Jörg Heynkes (1980) ; Die Dinge, die wir für uns selbst entdecken, sind das Wichtigste Gespräch mit Jochen Schmidt (1982) ; Meine Stücke wachsen von innen nach aussen Gespräch mit Jochen Schmidt (1982) ; Ich bin immer noch neugierig Gespräch mit Jochen Schmidt (1983) ; Wenn wir anfangen, gibt es gar nichts ausser uns Werkstattgespräch in der Akademie der Künste, Berlin (Ost), 1987 ; Ich bin das Publikum : Gespräch mit Ingrid Seyfarth (1987) ; Alle meine Informationen entstammen dem Gefühl Gespräch mit VeitMölter (1990) ; Die Mauer ist jeden Tag für jeden anders Gespräch mit VeitMölter (1990) ; Tanz ist die einzig wirkliche Sprache Gespräch mit Norbert Servos (1990) ; Ich wollte Bilder, die ich sah, die ich fühlte, die ich fühlen wollte Gespräch mit Eva M. J. Schmid (1990) ; Meine Seele weiss genau, was ich will Gespräch mit Gert Gliewe (1992) ; Das hat nicht aufgehört mein Tanzen Gespäch mit Eva-Elisabeth Fischer (1992) ; Man muss ganz wach, sensibel und empfindsam sein Gespäch mit Norbert Servos (1995) ; Wenn ich mir ganz genau zuhöre, macht sich das Stück selber Gespräch mit Roger Willemsen (1998) ; Dass man wieder Lust hat, das Leben anzupacken Gespräch mit Norbert Servos (1998) ; Ich will immer wieder neue Türen öffnen : Gespräch mit Marion Meyer und Frank Scurla (1998) ; Wir sind uns mit unserem Körper am nächsten Gespräch mit Christiane Gibiec (1998) ; Und alle nannten ihn Papa Jooss : Gespräch mit Annette von Wangenheim (2000) ; Der Anfang bin ich : Gespräch mit Lothar Schmidt-Mühlisch (2000) ; Ganz aussergewöhnlich wunderbar ; Gespräch mit Dirk Fuhrig (2003) ; Die Lust wird immer aufgetankt und die Neugier Gespräch mit Martina Wohlthat (2003) ; Lust tanken : Gespräch mit Esther Sutter (2003) ; Ich glaube nur, was ich gesehen habe : Gespräch Ulrich Deuter und Andreas Wilink (2004) ; Pina Bausch über Lust : Gespräch mit Eva Elisabeth Fischer (2004) ; Man weiss gar nicht, wo die Phantasie einen hintreibt Gespräch mit Jean-Marc Adolphe (2007) ; Pina Bausch : Was mich bewegt : Rede ausAnlass der Verleihung des "Kyoto-Preises" am 11. November 2007 in Kyoto ; Pina Bausch : Etwas finden, was keiner Frage bedarf Rede beim "2007 Kyoto Prize Workshop in Arts and Philosophy" am 12. November 2007 in Kyoto ; Anhang ; Chronik ; Glossar ; Editorische Notiz ; Quellenverzeichnis ; Die Gesprächspartner ; Abbildungsnachweis ; Index ; Dank ; Impressum.</marc:subfield>
      </marc:datafield>
      <marc:datafield tag="520" ind1=" " ind2=" ">
         <marc:subfield code="a">Pina Bauschs eigentliche Sprache war der Tanz. Ob sie in jungen Jahren in Europa und den USA selbst auf der Bühne stand, ob sie an der Folkwangschule ihre Erfahrungen und Ideen an andere weitergab oder mit dem Tanztheater Wuppertal zu einer der einflussreichsten Choreografinnen des 20. Jahrhunderts wurde – überall drückte sie ihr Denken und Fühlen durch Bewegung aus: «Der Tanz ist die einzig wirkliche Sprache», so lautete ihr Credo. Dennoch hat sie ihre Arbeit immer wieder in Worte gefasst, und über ihre Vorgehensweise und ihre Ziele Auskunft gegeben – selten zwar, doch durchaus regelmäßig. Ihr bevorzugtes Medium war dabei das Gespräch: Sie gab Interviews, wenn auch nicht im üblichen Sinn: Pina Bausch wartete nicht mit fertigen Statements auf, sondern vermochte auch diese Form zu öffnen und zu einem Ort des Austauschs und Nachdenkens zu machen – wobei es für sie unerheblich war, ob das Interview einer kleinen Schülerzeitung oder einem Weltblatt galt. Anlässlich der großen Ausstellung «PINA BAUSCH und das TANZTHEATER» in der Bonner Bundeskunsthalle wird in Kooperation mit der Pina Bausch Foundation hier erstmals eine Sammlung von Interviews aus der gesamten Schaffenszeit der Choreografin vorgelegt. Sie erzählt darin von ihrer Kindheit in Solingen, von ihrer Ballettausbildung in Essen und New York. Sie spricht über die Menschen, die sie begleitet, über Reisen und Städte, die ihr Inspiration geschenkt haben. Vor allem aber berichtet sie über ihre fast vierzig Jahre währende Arbeit in Wuppertal: vom Entstehen ihrer Stücke, von den Tänzerinnen und Tänzern, von der Bedeutung der Kostüme, der Musik, der Bühnenbilder. Und sie erinnert sich an die Ablehnung, die ihr anfangs entgegenschlug: an knallende Türen und bösartige Verrisse. Abgerundet wird der Band durch den programmatischen Text zu ihrer ersten Wuppertaler Spielzeit 1973/74 und durch die große Kyoto-Preisrede, in der sie 2007 umfangreich über den Tanz, ihren Werdegang und ihre Arbeitsweisen berichtete</marc:subfield>
      </marc:datafield>
      <marc:datafield tag="591" ind1=" " ind2=" ">
         <marc:subfield code="a">5090, 5550: FRUB16/Sred (SWB)</marc:subfield>
      </marc:datafield>
      <marc:datafield tag="600" ind1="1" ind2="0">
         <marc:subfield code="a">Bausch, Pina</marc:subfield>
         <marc:subfield code="v">Interviews</marc:subfield>
      </marc:datafield>
      <marc:datafield tag="610" ind1="1" ind2="0">
         <marc:subfield code="a">Tanztheater (Wuppertal, Germany)</marc:subfield>
         <marc:subfield code="x">History</marc:subfield>
      </marc:datafield>
      <marc:datafield tag="610" ind1="1" ind2="0">
         <marc:subfield code="a">Pina Bausch Foundation</marc:subfield>
         <marc:subfield code="x">History</marc:subfield>
      </marc:datafield>
      <marc:datafield tag="650" ind1=" " ind2="0">
         <marc:subfield code="a">Choreographers</marc:subfield>
         <marc:subfield code="z">Germany</marc:subfield>
         <marc:subfield code="v">Interviews</marc:subfield>
      </marc:datafield>
      <marc:datafield tag="650" ind1=" " ind2="0">
         <marc:subfield code="a">Dance</marc:subfield>
         <marc:subfield code="z">Germany</marc:subfield>
         <marc:subfield code="x">History</marc:subfield>
      </marc:datafield>
      <marc:datafield tag="600" ind1="1" ind2="4">
         <marc:subfield code="a">Bausch, Tina</marc:subfield>
      </marc:datafield>
      <marc:datafield tag="655" ind1=" " ind2="7">
         <marc:subfield code="a">Ausstellungskatalog</marc:subfield>
         <marc:subfield code="x">Bundeskunsthalle</marc:subfield>
         <marc:subfield code="y">04.03.2016-24.07.2016</marc:subfield>
         <marc:subfield code="z">Bonn</marc:subfield>
         <marc:subfield code="0">(DE-588)4135467-9</marc:subfield>
         <marc:subfield code="0">(DE-627)10566491X</marc:subfield>
         <marc:subfield code="0">(DE-576)209660988</marc:subfield>
         <marc:subfield code="2">gnd-content</marc:subfield>
      </marc:datafield>
      <marc:datafield tag="655" ind1=" " ind2="7">
         <marc:subfield code="a">Ausstellungskatalog</marc:subfield>
         <marc:subfield code="x">Martin-Gropius-Bau, Körperschaft</marc:subfield>
         <marc:subfield code="y">16.09.2016-09.01.2017</marc:subfield>
         <marc:subfield code="z">Berlin</marc:subfield>
         <marc:subfield code="0">(DE-588)4135467-9</marc:subfield>
         <marc:subfield code="0">(DE-627)10566491X</marc:subfield>
         <marc:subfield code="0">(DE-576)209660988</marc:subfield>
         <marc:subfield code="2">gnd-content</marc:subfield>
      </marc:datafield>
      <marc:datafield tag="655" ind1=" " ind2="7">
         <marc:subfield code="a">Interview</marc:subfield>
         <marc:subfield code="0">(DE-588)4027503-6</marc:subfield>
         <marc:subfield code="0">(DE-627)104767812</marc:subfield>
         <marc:subfield code="0">(DE-576)208971211</marc:subfield>
         <marc:subfield code="2">gnd-content</marc:subfield>
      </marc:datafield>
      <marc:datafield tag="655" ind1=" " ind2="7">
         <marc:subfield code="a">Ausstellungskatalog</marc:subfield>
         <marc:subfield code="x">Kunst- und Ausstellungshalle der Bundesrepublik Deutschland</marc:subfield>
         <marc:subfield code="y">16.09.2016-09.01.2017</marc:subfield>
         <marc:subfield code="0">(DE-588)4135467-9</marc:subfield>
         <marc:subfield code="0">(DE-627)10566491X</marc:subfield>
         <marc:subfield code="0">(DE-576)209660988</marc:subfield>
         <marc:subfield code="2">gnd-content</marc:subfield>
      </marc:datafield>
      <marc:datafield tag="689" ind1="0" ind2="0">
         <marc:subfield code="D">p</marc:subfield>
         <marc:subfield code="0">(DE-588)118507680</marc:subfield>
         <marc:subfield code="0">(DE-627)079311741</marc:subfield>
         <marc:subfield code="0">(DE-576)166293857</marc:subfield>
         <marc:subfield code="a">Bausch, Pina</marc:subfield>
         <marc:subfield code="d">1940-2009</marc:subfield>
         <marc:subfield code="2">gnd</marc:subfield>
      </marc:datafield>
      <marc:datafield tag="689" ind1="0" ind2=" ">
         <marc:subfield code="5">DE-101</marc:subfield>
      </marc:datafield>
      <marc:datafield tag="689" ind1="1" ind2="0">
         <marc:subfield code="D">p</marc:subfield>
         <marc:subfield code="0">(DE-588)118507680</marc:subfield>
         <marc:subfield code="0">(DE-627)079311741</marc:subfield>
         <marc:subfield code="0">(DE-576)166293857</marc:subfield>
         <marc:subfield code="a">Bausch, Pina</marc:subfield>
         <marc:subfield code="d">1940-2009</marc:subfield>
         <marc:subfield code="2">gnd</marc:subfield>
      </marc:datafield>
      <marc:datafield tag="689" ind1="1" ind2=" ">
         <marc:subfield code="5">(DE-627)</marc:subfield>
      </marc:datafield>
      <marc:datafield tag="700" ind1="1" ind2=" ">
         <marc:subfield code="a">Koldehoff, Stefan</marc:subfield>
         <marc:subfield code="d">1967-</marc:subfield>
         <marc:subfield code="e">HerausgeberIn</marc:subfield>
         <marc:subfield code="0">(DE-588)124365736</marc:subfield>
         <marc:subfield code="0">(DE-627)085814989</marc:subfield>
         <marc:subfield code="0">(DE-576)181655853</marc:subfield>
         <marc:subfield code="4">edt</marc:subfield>
      </marc:datafield>
      <marc:datafield tag="700" ind1="1" ind2=" ">
         <marc:subfield code="a">Zuther, Magdalene</marc:subfield>
         <marc:subfield code="e">HerausgeberIn</marc:subfield>
         <marc:subfield code="0">(DE-588)1102217190</marc:subfield>
         <marc:subfield code="0">(DE-627)860039072</marc:subfield>
         <marc:subfield code="0">(DE-576)470112220</marc:subfield>
         <marc:subfield code="4">edt</marc:subfield>
      </marc:datafield>
      <marc:datafield tag="710" ind1="2" ind2=" ">
         <marc:subfield code="a">Bundeskunsthalle</marc:subfield>
         <marc:subfield code="e">Gastgebende Institution</marc:subfield>
         <marc:subfield code="0">(DE-588)2126298-6</marc:subfield>
         <marc:subfield code="0">(DE-627)121140490</marc:subfield>
         <marc:subfield code="0">(DE-576)194176797</marc:subfield>
         <marc:subfield code="4">his</marc:subfield>
      </marc:datafield>
      <marc:datafield tag="710" ind1="2" ind2=" ">
         <marc:subfield code="a">Martin-Gropius-Bau</marc:subfield>
         <marc:subfield code="g">Körperschaft</marc:subfield>
         <marc:subfield code="e">Gastgebende Institution</marc:subfield>
         <marc:subfield code="0">(DE-588)6050888-7</marc:subfield>
         <marc:subfield code="0">(DE-627)364665262</marc:subfield>
         <marc:subfield code="0">(DE-576)326083499</marc:subfield>
         <marc:subfield code="4">his</marc:subfield>
      </marc:datafield>
      <marc:datafield tag="710" ind1="2" ind2=" ">
         <marc:subfield code="a">Pina Bausch Foundation</marc:subfield>
         <marc:subfield code="e">HerausgeberIn</marc:subfield>
         <marc:subfield code="0">(DE-588)1051808170</marc:subfield>
         <marc:subfield code="0">(DE-627)786828307</marc:subfield>
         <marc:subfield code="0">(DE-576)407441484</marc:subfield>
         <marc:subfield code="4">edt</marc:subfield>
      </marc:datafield>
      <marc:datafield tag="710" ind1="2" ind2=" ">
         <marc:subfield code="a">Nimbus, Kunst und Bücher</marc:subfield>
         <marc:subfield code="e">Verlag</marc:subfield>
         <marc:subfield code="0">(DE-588)1065220065</marc:subfield>
         <marc:subfield code="0">(DE-627)816044333</marc:subfield>
         <marc:subfield code="0">(DE-576)424894076</marc:subfield>
         <marc:subfield code="4">pbl</marc:subfield>
      </marc:datafield>
      <marc:datafield tag="830" ind1=" " ind2="0">
         <marc:subfield code="a">Pina Bausch Editions</marc:subfield>
         <marc:subfield code="v">Band 1</marc:subfield>
         <marc:subfield code="9">1</marc:subfield>
         <marc:subfield code="w">(DE-627)859892417</marc:subfield>
         <marc:subfield code="w">(DE-576)462866955</marc:subfield>
         <marc:subfield code="w">(DE-600)2857001-7</marc:subfield>
      </marc:datafield>
      <marc:datafield tag="856" ind1="4" ind2="2">
         <marc:subfield code="u">http://d-nb.info/1080529012/04</marc:subfield>
         <marc:subfield code="m">B:DE-101</marc:subfield>
         <marc:subfield code="q">pdf/application</marc:subfield>
         <marc:subfield code="v">20160922003401</marc:subfield>
         <marc:subfield code="x">Verlag</marc:subfield>
         <marc:subfield code="3">Inhaltsverzeichnis</marc:subfield>
      </marc:datafield>
      <marc:datafield tag="856" ind1="4" ind2="2">
         <marc:subfield code="u">http://d-nb.info/1080529012/04</marc:subfield>
         <marc:subfield code="x">Verlag</marc:subfield>
      </marc:datafield>
      <marc:datafield tag="935" ind1=" " ind2=" ">
         <marc:subfield code="i">Blocktest</marc:subfield>
      </marc:datafield>
      <marc:datafield tag="936" ind1="r" ind2="v">
         <marc:subfield code="a">AP 87350</marc:subfield>
         <marc:subfield code="b">Biografien, Memoiren, Tagebücher, Briefe (CSN des Künstlers)</marc:subfield>
         <marc:subfield code="k">Allgemeines</marc:subfield>
         <marc:subfield code="k">Medien- und Kommunikationswissenschaften, Kommunikationsdesign</marc:subfield>
         <marc:subfield code="k">Tanz</marc:subfield>
         <marc:subfield code="k">Tanzkunst</marc:subfield>
         <marc:subfield code="k">Biografien, Memoiren, Tagebücher, Briefe (CSN des Künstlers)</marc:subfield>
         <marc:subfield code="0">(DE-627)1270693891</marc:subfield>
         <marc:subfield code="0">(DE-625)rvk/8088:</marc:subfield>
         <marc:subfield code="0">(DE-576)200693891</marc:subfield>
      </marc:datafield>
      <marc:datafield tag="936" ind1="b" ind2="k">
         <marc:subfield code="a">24.01</marc:subfield>
         <marc:subfield code="j">Darstellende Künstler</marc:subfield>
         <marc:subfield code="0">(DE-627)181571730</marc:subfield>
      </marc:datafield>
      <marc:datafield tag="936" ind1="b" ind2="k">
         <marc:subfield code="a">24.15</marc:subfield>
         <marc:subfield code="j">Tanzkunst</marc:subfield>
         <marc:subfield code="j">Bewegungskunst</marc:subfield>
         <marc:subfield code="0">(DE-627)10640606X</marc:subfield>
      </marc:datafield>
      <marc:datafield tag="951" ind1=" " ind2=" ">
         <marc:subfield code="a">BO</marc:subfield>
      </marc:datafield>
   </marc:record>