
   <marc:record>
      <marc:leader>     cam a22        4500</marc:leader>
      <marc:controlfield tag="001">443213712</marc:controlfield>
      <marc:controlfield tag="003">DE-576</marc:controlfield>
      <marc:controlfield tag="005">20201116135743.0</marc:controlfield>
      <marc:controlfield tag="007">tu</marc:controlfield>
      <marc:controlfield tag="008">150513s2017    gw |||||      10| ||eng c</marc:controlfield>
      <marc:datafield tag="015" ind1=" " ind2=" ">
         <marc:subfield code="a">15,N20</marc:subfield>
         <marc:subfield code="2">dnb</marc:subfield>
      </marc:datafield>
      <marc:datafield tag="016" ind1="7" ind2=" ">
         <marc:subfield code="a">1070640263</marc:subfield>
         <marc:subfield code="2">DE-101</marc:subfield>
      </marc:datafield>
      <marc:datafield tag="020" ind1=" " ind2=" ">
         <marc:subfield code="a">3837632431</marc:subfield>
         <marc:subfield code="c"> : Pb. : ca. EUR 39.99 (DE)</marc:subfield>
         <marc:subfield code="9">3-8376-3243-1</marc:subfield>
      </marc:datafield>
      <marc:datafield tag="020" ind1=" " ind2=" ">
         <marc:subfield code="a">9783837632439</marc:subfield>
         <marc:subfield code="c">Pb. : ca. EUR 39.99 (DE) (freier Pr.), ca. EUR 41.20 (AT) (freier Pr.), ca. sfr 52.00 (freier Pr.)</marc:subfield>
         <marc:subfield code="9">978-3-8376-3243-9</marc:subfield>
      </marc:datafield>
      <marc:datafield tag="024" ind1="3" ind2=" ">
         <marc:subfield code="a">9783837632439</marc:subfield>
      </marc:datafield>
      <marc:datafield tag="035" ind1=" " ind2=" ">
         <marc:subfield code="a">(DE-627)824927842</marc:subfield>
      </marc:datafield>
      <marc:datafield tag="035" ind1=" " ind2=" ">
         <marc:subfield code="a">(DE-576)443213712</marc:subfield>
      </marc:datafield>
      <marc:datafield tag="035" ind1=" " ind2=" ">
         <marc:subfield code="a">(DE-599)DNB1070640263</marc:subfield>
      </marc:datafield>
      <marc:datafield tag="035" ind1=" " ind2=" ">
         <marc:subfield code="a">(OCoLC)909057492</marc:subfield>
      </marc:datafield>
      <marc:datafield tag="035" ind1=" " ind2=" ">
         <marc:subfield code="a">(OCoLC)909057492</marc:subfield>
      </marc:datafield>
      <marc:datafield tag="035" ind1=" " ind2=" ">
         <marc:subfield code="a">(OCoLC)991558436</marc:subfield>
      </marc:datafield>
      <marc:datafield tag="035" ind1=" " ind2=" ">
         <marc:subfield code="a">(DE-101)1070640263</marc:subfield>
      </marc:datafield>
      <marc:datafield tag="040" ind1=" " ind2=" ">
         <marc:subfield code="a">DE-576</marc:subfield>
         <marc:subfield code="b">ger</marc:subfield>
         <marc:subfield code="c">DE-576</marc:subfield>
         <marc:subfield code="e">rda</marc:subfield>
      </marc:datafield>
      <marc:datafield tag="041" ind1=" " ind2=" ">
         <marc:subfield code="a">eng</marc:subfield>
      </marc:datafield>
      <marc:datafield tag="044" ind1=" " ind2=" ">
         <marc:subfield code="c">XA-DE-NW</marc:subfield>
      </marc:datafield>
      <marc:datafield tag="050" ind1=" " ind2="0">
         <marc:subfield code="a">PN2570</marc:subfield>
      </marc:datafield>
      <marc:datafield tag="082" ind1="0" ind2=" ">
         <marc:subfield code="a">792.0223094</marc:subfield>
         <marc:subfield code="q">DE-101</marc:subfield>
         <marc:subfield code="2">22/ger</marc:subfield>
      </marc:datafield>
      <marc:datafield tag="082" ind1="0" ind2=" ">
         <marc:subfield code="a">792</marc:subfield>
         <marc:subfield code="2">23sdnb</marc:subfield>
      </marc:datafield>
      <marc:datafield tag="082" ind1="0" ind2="4">
         <marc:subfield code="a">792</marc:subfield>
         <marc:subfield code="q">DE-101</marc:subfield>
      </marc:datafield>
      <marc:datafield tag="084" ind1=" " ind2=" ">
         <marc:subfield code="a">EC 7910</marc:subfield>
         <marc:subfield code="2">rvk</marc:subfield>
         <marc:subfield code="0">(DE-625)rvk/20871:</marc:subfield>
      </marc:datafield>
      <marc:datafield tag="084" ind1=" " ind2=" ">
         <marc:subfield code="a">AP 64906</marc:subfield>
         <marc:subfield code="2">rvk</marc:subfield>
         <marc:subfield code="0">(DE-625)rvk/7835:663</marc:subfield>
      </marc:datafield>
      <marc:datafield tag="111" ind1="2" ind2=" ">
         <marc:subfield code="a">Kunst und Leben. Metamorphosen im Freien Theater (Ost)Europas</marc:subfield>
         <marc:subfield code="g">Veranstaltung</marc:subfield>
         <marc:subfield code="d">2012</marc:subfield>
         <marc:subfield code="c">Leipzig</marc:subfield>
         <marc:subfield code="j">VerfasserIn</marc:subfield>
         <marc:subfield code="0">(DE-588)1141942828</marc:subfield>
         <marc:subfield code="0">(DE-627)1000948404</marc:subfield>
         <marc:subfield code="0">(DE-576)494589000</marc:subfield>
         <marc:subfield code="4">aut</marc:subfield>
      </marc:datafield>
      <marc:datafield tag="240" ind1="1" ind2="4">
         <marc:subfield code="a">Das freie Theater im Europa der Gegenwart</marc:subfield>
      </marc:datafield>
      <marc:datafield tag="245" ind1="1" ind2="0">
         <marc:subfield code="a">Independent Theatre in Contemporary Europe</marc:subfield>
         <marc:subfield code="b">Structures - Aesthetics - Cultural Policy</marc:subfield>
         <marc:subfield code="c">Martin Brauneck and ITI Germany (Eds.)</marc:subfield>
      </marc:datafield>
      <marc:datafield tag="263" ind1=" " ind2=" ">
         <marc:subfield code="a">201511</marc:subfield>
      </marc:datafield>
      <marc:datafield tag="264" ind1=" " ind2="1">
         <marc:subfield code="a">Bielefeld</marc:subfield>
         <marc:subfield code="b">transcript</marc:subfield>
         <marc:subfield code="c">[2017]</marc:subfield>
      </marc:datafield>
      <marc:datafield tag="264" ind1=" " ind2="4">
         <marc:subfield code="c">© 2017</marc:subfield>
      </marc:datafield>
      <marc:datafield tag="300" ind1=" " ind2=" ">
         <marc:subfield code="a">602 Seiten</marc:subfield>
         <marc:subfield code="b">Illustrationen</marc:subfield>
         <marc:subfield code="c">225 mm x 148 mm, 768 g</marc:subfield>
      </marc:datafield>
      <marc:datafield tag="336" ind1=" " ind2=" ">
         <marc:subfield code="a">Text</marc:subfield>
         <marc:subfield code="b">txt</marc:subfield>
         <marc:subfield code="2">rdacontent</marc:subfield>
      </marc:datafield>
      <marc:datafield tag="337" ind1=" " ind2=" ">
         <marc:subfield code="a">ohne Hilfsmittel zu benutzen</marc:subfield>
         <marc:subfield code="b">n</marc:subfield>
         <marc:subfield code="2">rdamedia</marc:subfield>
      </marc:datafield>
      <marc:datafield tag="338" ind1=" " ind2=" ">
         <marc:subfield code="a">Band</marc:subfield>
         <marc:subfield code="b">nc</marc:subfield>
         <marc:subfield code="2">rdacarrier</marc:subfield>
      </marc:datafield>
      <marc:datafield tag="490" ind1="1" ind2=" ">
         <marc:subfield code="a">Theatre studies</marc:subfield>
         <marc:subfield code="v">volume 80</marc:subfield>
      </marc:datafield>
      <marc:datafield tag="655" ind1=" " ind2="7">
         <marc:subfield code="a">Konferenzschrift</marc:subfield>
         <marc:subfield code="0">(DE-588)1071861417</marc:subfield>
         <marc:subfield code="0">(DE-627)826484824</marc:subfield>
         <marc:subfield code="0">(DE-576)433375485</marc:subfield>
         <marc:subfield code="2">gnd-content</marc:subfield>
      </marc:datafield>
      <marc:datafield tag="689" ind1="0" ind2="0">
         <marc:subfield code="D">g</marc:subfield>
         <marc:subfield code="0">(DE-588)4015701-5</marc:subfield>
         <marc:subfield code="0">(DE-627)104289007</marc:subfield>
         <marc:subfield code="0">(DE-576)208913092</marc:subfield>
         <marc:subfield code="a">Europa</marc:subfield>
         <marc:subfield code="2">gnd</marc:subfield>
      </marc:datafield>
      <marc:datafield tag="689" ind1="0" ind2="1">
         <marc:subfield code="D">s</marc:subfield>
         <marc:subfield code="0">(DE-588)4123226-4</marc:subfield>
         <marc:subfield code="0">(DE-627)104636890</marc:subfield>
         <marc:subfield code="0">(DE-576)209557915</marc:subfield>
         <marc:subfield code="a">Freies Theater</marc:subfield>
         <marc:subfield code="2">gnd</marc:subfield>
      </marc:datafield>
      <marc:datafield tag="689" ind1="0" ind2=" ">
         <marc:subfield code="5">DE-101</marc:subfield>
      </marc:datafield>
      <marc:datafield tag="700" ind1="1" ind2=" ">
         <marc:subfield code="a">Brauneck, Manfred</marc:subfield>
         <marc:subfield code="d">1934-</marc:subfield>
         <marc:subfield code="e">HerausgeberIn</marc:subfield>
         <marc:subfield code="0">(DE-588)123339383</marc:subfield>
         <marc:subfield code="0">(DE-627)082495475</marc:subfield>
         <marc:subfield code="0">(DE-576)160411688</marc:subfield>
         <marc:subfield code="4">edt</marc:subfield>
      </marc:datafield>
      <marc:datafield tag="711" ind1="2" ind2=" ">
         <marc:subfield code="a">Postmigrant perspectives on European theatre</marc:subfield>
         <marc:subfield code="g">Veranstaltung</marc:subfield>
         <marc:subfield code="d">2013</marc:subfield>
         <marc:subfield code="c">London</marc:subfield>
         <marc:subfield code="j">VerfasserIn</marc:subfield>
         <marc:subfield code="0">(DE-588)1141943409</marc:subfield>
         <marc:subfield code="0">(DE-627)100094963X</marc:subfield>
         <marc:subfield code="0">(DE-576)494589825</marc:subfield>
         <marc:subfield code="4">aut</marc:subfield>
      </marc:datafield>
      <marc:datafield tag="710" ind1="2" ind2=" ">
         <marc:subfield code="a">Transcript GbR</marc:subfield>
         <marc:subfield code="e">Verlag</marc:subfield>
         <marc:subfield code="0">(DE-588)1058035266</marc:subfield>
         <marc:subfield code="0">(DE-627)796326045</marc:subfield>
         <marc:subfield code="0">(DE-576)414016815</marc:subfield>
         <marc:subfield code="4">pbl</marc:subfield>
      </marc:datafield>
      <marc:datafield tag="710" ind1="2" ind2=" ">
         <marc:subfield code="a">Internationales Theater-Institut</marc:subfield>
         <marc:subfield code="b">Zentrum Bundesrepublik Deutschland</marc:subfield>
         <marc:subfield code="e">Herausgebendes Organ</marc:subfield>
         <marc:subfield code="0">(DE-588)2077186-1</marc:subfield>
         <marc:subfield code="0">(DE-627)103922636</marc:subfield>
         <marc:subfield code="0">(DE-576)192211250</marc:subfield>
         <marc:subfield code="4">isb</marc:subfield>
      </marc:datafield>
      <marc:datafield tag="776" ind1="1" ind2=" ">
         <marc:subfield code="z">9783839432433</marc:subfield>
         <marc:subfield code="c"> : PDF</marc:subfield>
      </marc:datafield>
      <marc:datafield tag="776" ind1="0" ind2="8">
         <marc:subfield code="i">Erscheint auch als</marc:subfield>
         <marc:subfield code="n">Online-Ausgabe</marc:subfield>
         <marc:subfield code="t">Independent theatre in contemporary Europe</marc:subfield>
         <marc:subfield code="d">Bielefeld : transcript Verlag, 2017</marc:subfield>
         <marc:subfield code="h">1 Online-Ressource (602 pages)</marc:subfield>
         <marc:subfield code="w">(DE-627)1655849298</marc:subfield>
         <marc:subfield code="w">(DE-576)483092762</marc:subfield>
         <marc:subfield code="z">9783839432433</marc:subfield>
      </marc:datafield>
      <marc:datafield tag="776" ind1="0" ind2="8">
         <marc:subfield code="i">Erscheint auch als</marc:subfield>
         <marc:subfield code="n">Online-Ausgabe</marc:subfield>
         <marc:subfield code="t">Independent theatre in contemporary Europe</marc:subfield>
         <marc:subfield code="d">Bielefeld : transcript, 2017</marc:subfield>
         <marc:subfield code="h">1 Online-Ressource (602 Seiten)</marc:subfield>
         <marc:subfield code="w">(DE-627)1658412893</marc:subfield>
         <marc:subfield code="w">(DE-576)48922072X</marc:subfield>
         <marc:subfield code="z">9783839432433</marc:subfield>
      </marc:datafield>
      <marc:datafield tag="776" ind1="0" ind2="8">
         <marc:subfield code="i">Erscheint auch als</marc:subfield>
         <marc:subfield code="n">Online-Ausgabe, Content Select</marc:subfield>
         <marc:subfield code="t">Independent theatre in contemporary Europe</marc:subfield>
         <marc:subfield code="d">Bielefeld : transcript, 2017</marc:subfield>
         <marc:subfield code="h">1 Online Ressource (603 Seiten)</marc:subfield>
         <marc:subfield code="w">(DE-627)1657513629</marc:subfield>
         <marc:subfield code="w">(DE-576)473123258</marc:subfield>
         <marc:subfield code="z">9783839432433</marc:subfield>
      </marc:datafield>
      <marc:datafield tag="830" ind1=" " ind2="0">
         <marc:subfield code="a">Theater</marc:subfield>
         <marc:subfield code="v">volume 80</marc:subfield>
         <marc:subfield code="9">80</marc:subfield>
         <marc:subfield code="w">(DE-627)574357750</marc:subfield>
         <marc:subfield code="w">(DE-576)282680039</marc:subfield>
         <marc:subfield code="w">(DE-600)2442953-3</marc:subfield>
         <marc:subfield code="x">2700-3922</marc:subfield>
      </marc:datafield>
      <marc:datafield tag="856" ind1="4" ind2="2">
         <marc:subfield code="u">http://deposit.d-nb.de/cgi-bin/dokserv?id=5239355&amp;prov=M&amp;dok_var=1&amp;dok_ext=htm</marc:subfield>
         <marc:subfield code="m">X: MVB</marc:subfield>
         <marc:subfield code="q">text/html</marc:subfield>
         <marc:subfield code="v">2015-05-13</marc:subfield>
         <marc:subfield code="x">Verlag</marc:subfield>
         <marc:subfield code="3">Inhaltstext</marc:subfield>
      </marc:datafield>
      <marc:datafield tag="856" ind1="4" ind2="2">
         <marc:subfield code="u">http://d-nb.info/1070640263/04</marc:subfield>
         <marc:subfield code="m">B:DE-101</marc:subfield>
         <marc:subfield code="q">pdf/application</marc:subfield>
         <marc:subfield code="v">20170208003401</marc:subfield>
         <marc:subfield code="x">Verlag</marc:subfield>
         <marc:subfield code="3">Inhaltsverzeichnis</marc:subfield>
      </marc:datafield>
      <marc:datafield tag="935" ind1=" " ind2=" ">
         <marc:subfield code="i">Blocktest</marc:subfield>
      </marc:datafield>
      <marc:datafield tag="936" ind1="r" ind2="v">
         <marc:subfield code="a">EC 7910</marc:subfield>
         <marc:subfield code="b">Gesellschaftsdrama</marc:subfield>
         <marc:subfield code="k">Allgemeine und vergleichende Sprach- und Literaturwissenschaft. Indogermanistik. Außereuropäische Sprachen und Literaturen</marc:subfield>
         <marc:subfield code="k">Allgemeine und vergleichende Literaturwissenschaft.</marc:subfield>
         <marc:subfield code="k">Literaturgeschichte</marc:subfield>
         <marc:subfield code="k">Geschichte der Literaturgattungen (literarischen Gattungen)</marc:subfield>
         <marc:subfield code="k">Drama</marc:subfield>
         <marc:subfield code="k">Einzelne inhaltsbestimmte Gattungen</marc:subfield>
         <marc:subfield code="k">Gesellschaftsdrama</marc:subfield>
         <marc:subfield code="0">(DE-627)1270778587</marc:subfield>
         <marc:subfield code="0">(DE-625)rvk/20871:</marc:subfield>
         <marc:subfield code="0">(DE-576)200778587</marc:subfield>
      </marc:datafield>
      <marc:datafield tag="936" ind1="r" ind2="v">
         <marc:subfield code="a">AP 64906</marc:subfield>
         <marc:subfield code="b">Europa</marc:subfield>
         <marc:subfield code="k">Allgemeines</marc:subfield>
         <marc:subfield code="k">Medien- und Kommunikationswissenschaften, Kommunikationsdesign</marc:subfield>
         <marc:subfield code="k">Theater</marc:subfield>
         <marc:subfield code="k">Biografie, Geschichte</marc:subfield>
         <marc:subfield code="k">Theater in einzelnen Ländern</marc:subfield>
         <marc:subfield code="k">Europa</marc:subfield>
         <marc:subfield code="0">(DE-627)1271579839</marc:subfield>
         <marc:subfield code="0">(DE-625)rvk/7835:663</marc:subfield>
         <marc:subfield code="0">(DE-576)201579839</marc:subfield>
      </marc:datafield>
      <marc:datafield tag="951" ind1=" " ind2=" ">
         <marc:subfield code="a">BO</marc:subfield>
      </marc:datafield>
   </marc:record>