
   <marc:record>
      <marc:leader>     cam a22        4500</marc:leader>
      <marc:controlfield tag="001">400513102</marc:controlfield>
      <marc:controlfield tag="003">DE-576</marc:controlfield>
      <marc:controlfield tag="005">20210409235702.0</marc:controlfield>
      <marc:controlfield tag="007">tu</marc:controlfield>
      <marc:controlfield tag="008">140206s2016    gw ||||| d    00| ||ger c</marc:controlfield>
      <marc:datafield tag="020" ind1=" " ind2=" ">
         <marc:subfield code="a">9783890077802</marc:subfield>
         <marc:subfield code="c"> : Festeinband : 98.00 € (DE)</marc:subfield>
         <marc:subfield code="9">978-3-89007-780-2</marc:subfield>
      </marc:datafield>
      <marc:datafield tag="035" ind1=" " ind2=" ">
         <marc:subfield code="a">(DE-627)777893800</marc:subfield>
      </marc:datafield>
      <marc:datafield tag="035" ind1=" " ind2=" ">
         <marc:subfield code="a">(DE-576)400513102</marc:subfield>
      </marc:datafield>
      <marc:datafield tag="035" ind1=" " ind2=" ">
         <marc:subfield code="a">(DE-599)BSZ400513102</marc:subfield>
      </marc:datafield>
      <marc:datafield tag="035" ind1=" " ind2=" ">
         <marc:subfield code="a">(OCoLC)935278130</marc:subfield>
      </marc:datafield>
      <marc:datafield tag="040" ind1=" " ind2=" ">
         <marc:subfield code="a">DE-576</marc:subfield>
         <marc:subfield code="b">ger</marc:subfield>
         <marc:subfield code="c">DE-576</marc:subfield>
         <marc:subfield code="e">rda</marc:subfield>
      </marc:datafield>
      <marc:datafield tag="041" ind1=" " ind2=" ">
         <marc:subfield code="a">ger</marc:subfield>
      </marc:datafield>
      <marc:datafield tag="044" ind1=" " ind2=" ">
         <marc:subfield code="c">XA-DE-BY</marc:subfield>
      </marc:datafield>
      <marc:datafield tag="050" ind1=" " ind2="0">
         <marc:subfield code="a">GV1585</marc:subfield>
      </marc:datafield>
      <marc:datafield tag="082" ind1="0" ind2=" ">
         <marc:subfield code="a">792</marc:subfield>
         <marc:subfield code="2">23sdnb</marc:subfield>
      </marc:datafield>
      <marc:datafield tag="082" ind1="0" ind2=" ">
         <marc:subfield code="a">792.803</marc:subfield>
         <marc:subfield code="2">22/ger</marc:subfield>
      </marc:datafield>
      <marc:datafield tag="082" ind1="0" ind2="4">
         <marc:subfield code="a">792</marc:subfield>
         <marc:subfield code="q">DNB</marc:subfield>
      </marc:datafield>
      <marc:datafield tag="084" ind1=" " ind2=" ">
         <marc:subfield code="a">TH 345</marc:subfield>
         <marc:subfield code="2">sfb</marc:subfield>
      </marc:datafield>
      <marc:datafield tag="084" ind1=" " ind2=" ">
         <marc:subfield code="a">LC 88000</marc:subfield>
         <marc:subfield code="2">rvk</marc:subfield>
         <marc:subfield code="0">(DE-625)rvk/90700:772</marc:subfield>
      </marc:datafield>
      <marc:datafield tag="084" ind1=" " ind2=" ">
         <marc:subfield code="a">24.15</marc:subfield>
         <marc:subfield code="2">bkl</marc:subfield>
      </marc:datafield>
      <marc:datafield tag="245" ind1="1" ind2="4">
         <marc:subfield code="a">Das große Tanz Lexikon</marc:subfield>
         <marc:subfield code="b">Tanzkulturen, Epochen, Personen, Werke</marc:subfield>
         <marc:subfield code="c">herausgegeben von Annette Hartmann und Monika Woitas</marc:subfield>
      </marc:datafield>
      <marc:datafield tag="246" ind1="3" ind2="0">
         <marc:subfield code="a">Tanzlexikon</marc:subfield>
      </marc:datafield>
      <marc:datafield tag="246" ind1="3" ind2="3">
         <marc:subfield code="a">Das große Tanz-Lexikon</marc:subfield>
      </marc:datafield>
      <marc:datafield tag="264" ind1=" " ind2="1">
         <marc:subfield code="a">Laaber</marc:subfield>
         <marc:subfield code="b">Laaber</marc:subfield>
         <marc:subfield code="c">[2016]</marc:subfield>
      </marc:datafield>
      <marc:datafield tag="264" ind1=" " ind2="4">
         <marc:subfield code="c">© 2016</marc:subfield>
      </marc:datafield>
      <marc:datafield tag="300" ind1=" " ind2=" ">
         <marc:subfield code="a">XV, 755 Seiten</marc:subfield>
         <marc:subfield code="b">Diagramme, Faksimiles, Illustrationen, Karte, Notenbeispiele</marc:subfield>
         <marc:subfield code="c">26 cm</marc:subfield>
      </marc:datafield>
      <marc:datafield tag="336" ind1=" " ind2=" ">
         <marc:subfield code="a">Text</marc:subfield>
         <marc:subfield code="b">txt</marc:subfield>
         <marc:subfield code="2">rdacontent</marc:subfield>
      </marc:datafield>
      <marc:datafield tag="337" ind1=" " ind2=" ">
         <marc:subfield code="a">ohne Hilfsmittel zu benutzen</marc:subfield>
         <marc:subfield code="b">n</marc:subfield>
         <marc:subfield code="2">rdamedia</marc:subfield>
      </marc:datafield>
      <marc:datafield tag="338" ind1=" " ind2=" ">
         <marc:subfield code="a">Band</marc:subfield>
         <marc:subfield code="b">nc</marc:subfield>
         <marc:subfield code="2">rdacarrier</marc:subfield>
      </marc:datafield>
      <marc:datafield tag="500" ind1=" " ind2=" ">
         <marc:subfield code="a">Literaturverzeichnis: Seite 701-710</marc:subfield>
      </marc:datafield>
      <marc:datafield tag="500" ind1=" " ind2=" ">
         <marc:subfield code="a">Verzeichnis "Tanztraktate (Auswahl chronologisch)": Seite 727-730</marc:subfield>
      </marc:datafield>
      <marc:datafield tag="500" ind1=" " ind2=" ">
         <marc:subfield code="a">Verzeichnis "Tanzinstitutionen/Tanz im Internet": Seite 731-737</marc:subfield>
      </marc:datafield>
      <marc:datafield tag="500" ind1=" " ind2=" ">
         <marc:subfield code="a">Register: Seite 739-755</marc:subfield>
      </marc:datafield>
      <marc:datafield tag="505" ind1="8" ind2=" ">
         <marc:subfield code="a">Vorwort -- Artikelverzeichnis -- Autorenverzeichnis -- Vorbemerkungen und Abkürzungen -- Lexikonteil A-Z -- Anhang -- Auswahlbibliographie -- Farbbildteil -- Tanztraktate (Auswahl chronologisch) -- Tanzinstitutionen, Tanz im Internet -- Personenregister -- Biographien der Herausgeberinnen.</marc:subfield>
      </marc:datafield>
      <marc:datafield tag="520" ind1=" " ind2=" ">
         <marc:subfield code="a">&gt;&gt;Das große Tanz-Lexikon&lt;&lt; präsentiert in Personenartikeln zu Choreographen, Komponisten, Bühnenbildnern, Interpreten und Tanzkompagnien sowie Artikeln zu Sachbegriffen, Epochen und Formen, Werken (auch Tanzfilmen) und den Tanzkulturen der Welt ein fulminantes und hochaktuelles Panorama der Welt des Tanzes.</marc:subfield>
      </marc:datafield>
      <marc:datafield tag="591" ind1=" " ind2=" ">
         <marc:subfield code="a">***D-A-CH AWR für 1.7.3: "Fehlende Bindestriche in Komposita werden nicht ergänzt." (AWR 1,7) * DE-547, 08.03.2016*** (GBV). - 5090: knweph16 ; 5550: knweph,s16 (SWB)</marc:subfield>
      </marc:datafield>
      <marc:datafield tag="650" ind1=" " ind2="0">
         <marc:subfield code="a">Dance</marc:subfield>
         <marc:subfield code="v">Dictionaries</marc:subfield>
         <marc:subfield code="x">German</marc:subfield>
      </marc:datafield>
      <marc:datafield tag="650" ind1=" " ind2="0">
         <marc:subfield code="a">Dance</marc:subfield>
         <marc:subfield code="x">History</marc:subfield>
      </marc:datafield>
      <marc:datafield tag="650" ind1=" " ind2="4">
         <marc:subfield code="a">Tanz</marc:subfield>
      </marc:datafield>
      <marc:datafield tag="655" ind1=" " ind2="7">
         <marc:subfield code="a">Wörterbuch</marc:subfield>
         <marc:subfield code="0">(DE-588)4066724-8</marc:subfield>
         <marc:subfield code="0">(DE-627)104682620</marc:subfield>
         <marc:subfield code="0">(DE-576)209166061</marc:subfield>
         <marc:subfield code="2">gnd-content</marc:subfield>
      </marc:datafield>
      <marc:datafield tag="689" ind1="0" ind2="0">
         <marc:subfield code="D">s</marc:subfield>
         <marc:subfield code="0">(DE-588)4059028-8</marc:subfield>
         <marc:subfield code="0">(DE-627)106144979</marc:subfield>
         <marc:subfield code="0">(DE-576)209129018</marc:subfield>
         <marc:subfield code="a">Tanz</marc:subfield>
         <marc:subfield code="2">gnd</marc:subfield>
      </marc:datafield>
      <marc:datafield tag="689" ind1="0" ind2=" ">
         <marc:subfield code="5">DE-101</marc:subfield>
      </marc:datafield>
      <marc:datafield tag="689" ind1="1" ind2="0">
         <marc:subfield code="D">s</marc:subfield>
         <marc:subfield code="0">(DE-588)4059028-8</marc:subfield>
         <marc:subfield code="0">(DE-627)106144979</marc:subfield>
         <marc:subfield code="0">(DE-576)209129018</marc:subfield>
         <marc:subfield code="a">Tanz</marc:subfield>
         <marc:subfield code="2">gnd</marc:subfield>
      </marc:datafield>
      <marc:datafield tag="689" ind1="1" ind2="1">
         <marc:subfield code="D">s</marc:subfield>
         <marc:subfield code="0">(DE-588)4066724-8</marc:subfield>
         <marc:subfield code="0">(DE-627)104682620</marc:subfield>
         <marc:subfield code="0">(DE-576)209166061</marc:subfield>
         <marc:subfield code="a">Wörterbuch</marc:subfield>
         <marc:subfield code="2">gnd</marc:subfield>
      </marc:datafield>
      <marc:datafield tag="689" ind1="1" ind2=" ">
         <marc:subfield code="5">(DE-627)</marc:subfield>
      </marc:datafield>
      <marc:datafield tag="700" ind1="1" ind2=" ">
         <marc:subfield code="a">Hartmann, Annette</marc:subfield>
         <marc:subfield code="e">HerausgeberIn</marc:subfield>
         <marc:subfield code="0">(DE-588)103487392X</marc:subfield>
         <marc:subfield code="0">(DE-627)746435312</marc:subfield>
         <marc:subfield code="0">(DE-576)382488253</marc:subfield>
         <marc:subfield code="4">edt</marc:subfield>
      </marc:datafield>
      <marc:datafield tag="700" ind1="1" ind2=" ">
         <marc:subfield code="a">Woitas, Monika</marc:subfield>
         <marc:subfield code="d">1961-</marc:subfield>
         <marc:subfield code="e">HerausgeberIn</marc:subfield>
         <marc:subfield code="0">(DE-588)114463751</marc:subfield>
         <marc:subfield code="0">(DE-627)390016365</marc:subfield>
         <marc:subfield code="0">(DE-576)289797896</marc:subfield>
         <marc:subfield code="4">edt</marc:subfield>
      </marc:datafield>
      <marc:datafield tag="856" ind1="4" ind2="2">
         <marc:subfield code="u">http://ifb.bsz-bw.de/bsz400513102rez-1.pdf</marc:subfield>
         <marc:subfield code="m">B:DE-576;ifb</marc:subfield>
         <marc:subfield code="q">application/pdf</marc:subfield>
         <marc:subfield code="v">20160227182124</marc:subfield>
         <marc:subfield code="x">Verlag</marc:subfield>
         <marc:subfield code="3">Rezension</marc:subfield>
      </marc:datafield>
      <marc:datafield tag="856" ind1="4" ind2="2">
         <marc:subfield code="u">http://d-nb.info/1054453039/04</marc:subfield>
         <marc:subfield code="m">B:DE-101</marc:subfield>
         <marc:subfield code="q">application/pdf</marc:subfield>
         <marc:subfield code="3">Inhaltsverzeichnis</marc:subfield>
      </marc:datafield>
      <marc:datafield tag="856" ind1="4" ind2="2">
         <marc:subfield code="u">http://deposit.d-nb.de/cgi-bin/dokserv?id=4729409&amp;prov=M&amp;dok_var=1&amp;dok_ext=htm</marc:subfield>
         <marc:subfield code="m">X:MVB</marc:subfield>
         <marc:subfield code="q">text/html</marc:subfield>
         <marc:subfield code="3">Inhaltstext</marc:subfield>
      </marc:datafield>
      <marc:datafield tag="856" ind1="4" ind2="2">
         <marc:subfield code="u">http://www.laaber-verlag.wslv.de/popup.php?ID_Buch=796&amp;lang=</marc:subfield>
         <marc:subfield code="x">Verlag</marc:subfield>
         <marc:subfield code="y">Inhaltsbeschreibung</marc:subfield>
      </marc:datafield>
      <marc:datafield tag="856" ind1="4" ind2="2">
         <marc:subfield code="u">http://d-nb.info/1054453039/04</marc:subfield>
         <marc:subfield code="x">Verlag</marc:subfield>
      </marc:datafield>
      <marc:datafield tag="935" ind1=" " ind2=" ">
         <marc:subfield code="i">Blocktest</marc:subfield>
      </marc:datafield>
      <marc:datafield tag="936" ind1="r" ind2="v">
         <marc:subfield code="a">LC 88000</marc:subfield>
         <marc:subfield code="b">Darstellung ohne geografischen Bezug</marc:subfield>
         <marc:subfield code="k">Ethnologie</marc:subfield>
         <marc:subfield code="k">Kunst und Wissen</marc:subfield>
         <marc:subfield code="k">Theater-, Musik- und Kunstethnologie</marc:subfield>
         <marc:subfield code="k">Tanz</marc:subfield>
         <marc:subfield code="k">Darstellung ohne geografischen Bezug</marc:subfield>
         <marc:subfield code="0">(DE-627)1271486474</marc:subfield>
         <marc:subfield code="0">(DE-625)rvk/90700:772</marc:subfield>
         <marc:subfield code="0">(DE-576)201486474</marc:subfield>
      </marc:datafield>
      <marc:datafield tag="936" ind1="b" ind2="k">
         <marc:subfield code="a">24.15</marc:subfield>
         <marc:subfield code="j">Tanzkunst</marc:subfield>
         <marc:subfield code="j">Bewegungskunst</marc:subfield>
         <marc:subfield code="0">(DE-627)10640606X</marc:subfield>
      </marc:datafield>
      <marc:datafield tag="951" ind1=" " ind2=" ">
         <marc:subfield code="a">BO</marc:subfield>
      </marc:datafield>
   </marc:record>