
   <marc:record>
      <marc:leader>     cam a22        4500</marc:leader>
      <marc:controlfield tag="001">399215352</marc:controlfield>
      <marc:controlfield tag="003">DE-576</marc:controlfield>
      <marc:controlfield tag="005">20210218084034.0</marc:controlfield>
      <marc:controlfield tag="007">tu</marc:controlfield>
      <marc:controlfield tag="008">131007s2014    gw |||||      10| ||ger c</marc:controlfield>
      <marc:datafield tag="015" ind1=" " ind2=" ">
         <marc:subfield code="a">13,N40</marc:subfield>
         <marc:subfield code="2">dnb</marc:subfield>
      </marc:datafield>
      <marc:datafield tag="016" ind1="7" ind2=" ">
         <marc:subfield code="a">1042212538</marc:subfield>
         <marc:subfield code="2">DE-101</marc:subfield>
      </marc:datafield>
      <marc:datafield tag="020" ind1=" " ind2=" ">
         <marc:subfield code="a">383762546X</marc:subfield>
         <marc:subfield code="c"> : Pb. : ca. EUR 27.90 (DE)</marc:subfield>
         <marc:subfield code="9">3-8376-2546-X</marc:subfield>
      </marc:datafield>
      <marc:datafield tag="020" ind1=" " ind2=" ">
         <marc:subfield code="a">9783837625462</marc:subfield>
         <marc:subfield code="c"> : Pb. : ca. EUR 27.90 (DE)</marc:subfield>
         <marc:subfield code="9">978-3-8376-2546-2</marc:subfield>
      </marc:datafield>
      <marc:datafield tag="024" ind1="3" ind2=" ">
         <marc:subfield code="a">9783837625462</marc:subfield>
      </marc:datafield>
      <marc:datafield tag="035" ind1=" " ind2=" ">
         <marc:subfield code="a">(DE-627)769300049</marc:subfield>
      </marc:datafield>
      <marc:datafield tag="035" ind1=" " ind2=" ">
         <marc:subfield code="a">(DE-576)399215352</marc:subfield>
      </marc:datafield>
      <marc:datafield tag="035" ind1=" " ind2=" ">
         <marc:subfield code="a">(DE-599)DNB1042212538</marc:subfield>
      </marc:datafield>
      <marc:datafield tag="035" ind1=" " ind2=" ">
         <marc:subfield code="a">(OCoLC)868366919</marc:subfield>
      </marc:datafield>
      <marc:datafield tag="035" ind1=" " ind2=" ">
         <marc:subfield code="a">(OCoLC)868366919</marc:subfield>
      </marc:datafield>
      <marc:datafield tag="035" ind1=" " ind2=" ">
         <marc:subfield code="a">(OCoLC)895430831</marc:subfield>
      </marc:datafield>
      <marc:datafield tag="035" ind1=" " ind2=" ">
         <marc:subfield code="a">(DE-101)1042212538</marc:subfield>
      </marc:datafield>
      <marc:datafield tag="040" ind1=" " ind2=" ">
         <marc:subfield code="a">DE-576</marc:subfield>
         <marc:subfield code="b">ger</marc:subfield>
         <marc:subfield code="c">DE-576</marc:subfield>
         <marc:subfield code="e">rakwb</marc:subfield>
      </marc:datafield>
      <marc:datafield tag="041" ind1=" " ind2=" ">
         <marc:subfield code="a">ger</marc:subfield>
      </marc:datafield>
      <marc:datafield tag="044" ind1=" " ind2=" ">
         <marc:subfield code="c">XA-DE-NW</marc:subfield>
      </marc:datafield>
      <marc:datafield tag="050" ind1=" " ind2="0">
         <marc:subfield code="a">ML3850</marc:subfield>
      </marc:datafield>
      <marc:datafield tag="082" ind1="0" ind2=" ">
         <marc:subfield code="a">900</marc:subfield>
         <marc:subfield code="2">23sdnb</marc:subfield>
      </marc:datafield>
      <marc:datafield tag="082" ind1="0" ind2=" ">
         <marc:subfield code="a">700</marc:subfield>
         <marc:subfield code="a">780</marc:subfield>
         <marc:subfield code="2">23sdnb</marc:subfield>
      </marc:datafield>
      <marc:datafield tag="082" ind1="0" ind2=" ">
         <marc:subfield code="a">700.1</marc:subfield>
         <marc:subfield code="2">22/ger</marc:subfield>
      </marc:datafield>
      <marc:datafield tag="082" ind1="0" ind2="4">
         <marc:subfield code="a">700</marc:subfield>
         <marc:subfield code="a">780</marc:subfield>
         <marc:subfield code="q">DNB</marc:subfield>
      </marc:datafield>
      <marc:datafield tag="084" ind1=" " ind2=" ">
         <marc:subfield code="a">9,10</marc:subfield>
         <marc:subfield code="2">ssgn</marc:subfield>
      </marc:datafield>
      <marc:datafield tag="084" ind1=" " ind2=" ">
         <marc:subfield code="a">AP 14900</marc:subfield>
         <marc:subfield code="2">rvk</marc:subfield>
         <marc:subfield code="0">(DE-625)rvk/6908:</marc:subfield>
      </marc:datafield>
      <marc:datafield tag="084" ind1=" " ind2=" ">
         <marc:subfield code="a">LR 55250</marc:subfield>
         <marc:subfield code="2">rvk</marc:subfield>
         <marc:subfield code="0">(DE-625)rvk/109749:13528</marc:subfield>
      </marc:datafield>
      <marc:datafield tag="084" ind1=" " ind2=" ">
         <marc:subfield code="a">Kunst, allgemein</marc:subfield>
         <marc:subfield code="2">BIC</marc:subfield>
      </marc:datafield>
      <marc:datafield tag="084" ind1=" " ind2=" ">
         <marc:subfield code="a">20.03</marc:subfield>
         <marc:subfield code="2">bkl</marc:subfield>
      </marc:datafield>
      <marc:datafield tag="084" ind1=" " ind2=" ">
         <marc:subfield code="a">50.32</marc:subfield>
         <marc:subfield code="2">bkl</marc:subfield>
      </marc:datafield>
      <marc:datafield tag="084" ind1=" " ind2=" ">
         <marc:subfield code="a">24.40</marc:subfield>
         <marc:subfield code="2">bkl</marc:subfield>
      </marc:datafield>
      <marc:datafield tag="084" ind1=" " ind2=" ">
         <marc:subfield code="a">71.50</marc:subfield>
         <marc:subfield code="2">bkl</marc:subfield>
      </marc:datafield>
      <marc:datafield tag="084" ind1=" " ind2=" ">
         <marc:subfield code="a">08.32</marc:subfield>
         <marc:subfield code="2">bkl</marc:subfield>
      </marc:datafield>
      <marc:datafield tag="084" ind1=" " ind2=" ">
         <marc:subfield code="a">24.40</marc:subfield>
         <marc:subfield code="2">bkl</marc:subfield>
      </marc:datafield>
      <marc:datafield tag="090" ind1=" " ind2=" ">
         <marc:subfield code="a">a</marc:subfield>
      </marc:datafield>
      <marc:datafield tag="245" ind1="1" ind2="0">
         <marc:subfield code="a">Rhythmus - Balance - Metrum</marc:subfield>
         <marc:subfield code="b">Formen raumzeitlicher Organisation in den Künsten ; [... Texte gehen auf die im Rahmen des NFS Bildkritik eikones 2012 in Basel veranstaltete internationale Tagung "Rhythmus - Balance - Metrum. Formen Raumzeitlicher Organisation in Musik und Bild" zurück ...]</marc:subfield>
         <marc:subfield code="c">Christian Grüny ... (Hg.)</marc:subfield>
      </marc:datafield>
      <marc:datafield tag="264" ind1=" " ind2="1">
         <marc:subfield code="a">Bielefeld</marc:subfield>
         <marc:subfield code="b">transcript-Verl.</marc:subfield>
         <marc:subfield code="c">2014</marc:subfield>
      </marc:datafield>
      <marc:datafield tag="300" ind1=" " ind2=" ">
         <marc:subfield code="a">211 S.</marc:subfield>
         <marc:subfield code="b">Ill., Notenbeisp.</marc:subfield>
         <marc:subfield code="c">22,5 cm</marc:subfield>
      </marc:datafield>
      <marc:datafield tag="336" ind1=" " ind2=" ">
         <marc:subfield code="a">Text</marc:subfield>
         <marc:subfield code="b">txt</marc:subfield>
         <marc:subfield code="2">rdacontent</marc:subfield>
      </marc:datafield>
      <marc:datafield tag="337" ind1=" " ind2=" ">
         <marc:subfield code="a">ohne Hilfsmittel zu benutzen</marc:subfield>
         <marc:subfield code="b">n</marc:subfield>
         <marc:subfield code="2">rdamedia</marc:subfield>
      </marc:datafield>
      <marc:datafield tag="338" ind1=" " ind2=" ">
         <marc:subfield code="a">Band</marc:subfield>
         <marc:subfield code="b">nc</marc:subfield>
         <marc:subfield code="2">rdacarrier</marc:subfield>
      </marc:datafield>
      <marc:datafield tag="490" ind1="1" ind2=" ">
         <marc:subfield code="a">Edition Kulturwissenschaft</marc:subfield>
         <marc:subfield code="v">Bd. 30</marc:subfield>
      </marc:datafield>
      <marc:datafield tag="501" ind1=" " ind2=" ">
         <marc:subfield code="a">Einleitung / Christian Grüny, Matteo Nanni</marc:subfield>
      </marc:datafield>
      <marc:datafield tag="520" ind1=" " ind2=" ">
         <marc:subfield code="a">Dieser Band zeigt, dass sich gerade im Zusammenwirken unterschiedlicher Disziplinen ein gehaltvoller Begriff raumzeitlicher Organisation in den Künsten und über sie hinaus konturieren lässt.  - Im Zentrum steht dabei der Begriff des Rhythmus, der in den verschiedenen künstlerischen Disziplinen, aber auch in der Geschichte und der Kulturwissenschaft von Bedeutung ist. Die Beiträge gehen dem im Zusammenhang mit den damit verbundenen Begriffen der Balance und des Metrums nach, wobei sie weitergehende theoretische Perspektiven formulieren, die selbst in der Musikwissenschaft ein Desiderat sind.</marc:subfield>
      </marc:datafield>
      <marc:datafield tag="591" ind1=" " ind2=" ">
         <marc:subfield code="a">5550ff:KAKM ; 5090: ddsu,sred</marc:subfield>
      </marc:datafield>
      <marc:datafield tag="650" ind1=" " ind2="0">
         <marc:subfield code="a">Musical meter and rhythm</marc:subfield>
         <marc:subfield code="v">Congresses</marc:subfield>
      </marc:datafield>
      <marc:datafield tag="650" ind1=" " ind2="0">
         <marc:subfield code="a">Music</marc:subfield>
         <marc:subfield code="x">Philosophy and aesthetics</marc:subfield>
         <marc:subfield code="v">Congresses</marc:subfield>
      </marc:datafield>
      <marc:datafield tag="650" ind1=" " ind2="0">
         <marc:subfield code="a">Art</marc:subfield>
         <marc:subfield code="x">Philosophy and aesthetics</marc:subfield>
         <marc:subfield code="v">Congresses</marc:subfield>
      </marc:datafield>
      <marc:datafield tag="655" ind1=" " ind2="7">
         <marc:subfield code="a">Aufsatzsammlung</marc:subfield>
         <marc:subfield code="0">(DE-588)4143413-4</marc:subfield>
         <marc:subfield code="0">(DE-627)105605727</marc:subfield>
         <marc:subfield code="0">(DE-576)209726091</marc:subfield>
         <marc:subfield code="2">gnd-content</marc:subfield>
      </marc:datafield>
      <marc:datafield tag="655" ind1=" " ind2="7">
         <marc:subfield code="a">Konferenzschrift</marc:subfield>
         <marc:subfield code="y">2012</marc:subfield>
         <marc:subfield code="z">Basel</marc:subfield>
         <marc:subfield code="0">(DE-588)1071861417</marc:subfield>
         <marc:subfield code="0">(DE-627)826484824</marc:subfield>
         <marc:subfield code="0">(DE-576)433375485</marc:subfield>
         <marc:subfield code="2">gnd-content</marc:subfield>
      </marc:datafield>
      <marc:datafield tag="689" ind1="0" ind2="0">
         <marc:subfield code="D">s</marc:subfield>
         <marc:subfield code="0">(DE-588)4033422-3</marc:subfield>
         <marc:subfield code="0">(DE-627)106257315</marc:subfield>
         <marc:subfield code="0">(DE-576)209001933</marc:subfield>
         <marc:subfield code="a">Künste</marc:subfield>
         <marc:subfield code="2">gnd</marc:subfield>
      </marc:datafield>
      <marc:datafield tag="689" ind1="0" ind2="1">
         <marc:subfield code="D">s</marc:subfield>
         <marc:subfield code="0">(DE-588)4033597-5</marc:subfield>
         <marc:subfield code="0">(DE-627)106256580</marc:subfield>
         <marc:subfield code="0">(DE-576)209002743</marc:subfield>
         <marc:subfield code="a">Kulturwissenschaften</marc:subfield>
         <marc:subfield code="2">gnd</marc:subfield>
      </marc:datafield>
      <marc:datafield tag="689" ind1="0" ind2="2">
         <marc:subfield code="D">s</marc:subfield>
         <marc:subfield code="0">(DE-588)4132330-0</marc:subfield>
         <marc:subfield code="0">(DE-627)10568855X</marc:subfield>
         <marc:subfield code="0">(DE-576)209634669</marc:subfield>
         <marc:subfield code="a">Rhythmus</marc:subfield>
         <marc:subfield code="2">gnd</marc:subfield>
      </marc:datafield>
      <marc:datafield tag="689" ind1="0" ind2=" ">
         <marc:subfield code="5">DE-101</marc:subfield>
      </marc:datafield>
      <marc:datafield tag="689" ind1="1" ind2="0">
         <marc:subfield code="D">s</marc:subfield>
         <marc:subfield code="0">(DE-588)4132330-0</marc:subfield>
         <marc:subfield code="0">(DE-627)10568855X</marc:subfield>
         <marc:subfield code="0">(DE-576)209634669</marc:subfield>
         <marc:subfield code="a">Rhythmus</marc:subfield>
         <marc:subfield code="2">gnd</marc:subfield>
      </marc:datafield>
      <marc:datafield tag="689" ind1="1" ind2="1">
         <marc:subfield code="D">s</marc:subfield>
         <marc:subfield code="0">(DE-588)4023447-2</marc:subfield>
         <marc:subfield code="0">(DE-627)106303716</marc:subfield>
         <marc:subfield code="0">(DE-576)208949364</marc:subfield>
         <marc:subfield code="a">Harmonie</marc:subfield>
         <marc:subfield code="g">Musik</marc:subfield>
         <marc:subfield code="2">gnd</marc:subfield>
      </marc:datafield>
      <marc:datafield tag="689" ind1="1" ind2="2">
         <marc:subfield code="D">s</marc:subfield>
         <marc:subfield code="0">(DE-588)4006349-5</marc:subfield>
         <marc:subfield code="0">(DE-627)106377876</marc:subfield>
         <marc:subfield code="0">(DE-576)208865217</marc:subfield>
         <marc:subfield code="a">Bewusstsein</marc:subfield>
         <marc:subfield code="2">gnd</marc:subfield>
      </marc:datafield>
      <marc:datafield tag="689" ind1="1" ind2="3">
         <marc:subfield code="D">s</marc:subfield>
         <marc:subfield code="0">(DE-588)4033597-5</marc:subfield>
         <marc:subfield code="0">(DE-627)106256580</marc:subfield>
         <marc:subfield code="0">(DE-576)209002743</marc:subfield>
         <marc:subfield code="a">Kulturwissenschaften</marc:subfield>
         <marc:subfield code="2">gnd</marc:subfield>
      </marc:datafield>
      <marc:datafield tag="689" ind1="1" ind2="4">
         <marc:subfield code="D">s</marc:subfield>
         <marc:subfield code="0">(DE-588)4130526-7</marc:subfield>
         <marc:subfield code="0">(DE-627)105701955</marc:subfield>
         <marc:subfield code="0">(DE-576)209619732</marc:subfield>
         <marc:subfield code="a">Musikwissenschaft</marc:subfield>
         <marc:subfield code="2">gnd</marc:subfield>
      </marc:datafield>
      <marc:datafield tag="689" ind1="1" ind2=" ">
         <marc:subfield code="5">(DE-627)</marc:subfield>
      </marc:datafield>
      <marc:datafield tag="700" ind1="1" ind2=" ">
         <marc:subfield code="a">Grüny, Christian</marc:subfield>
         <marc:subfield code="d">1969-</marc:subfield>
         <marc:subfield code="e">Hrsg.</marc:subfield>
         <marc:subfield code="0">(DE-588)1048702235</marc:subfield>
         <marc:subfield code="0">(DE-627)781095867</marc:subfield>
         <marc:subfield code="0">(DE-576)403008484</marc:subfield>
         <marc:subfield code="4">edt</marc:subfield>
      </marc:datafield>
      <marc:datafield tag="710" ind1="2" ind2=" ">
         <marc:subfield code="a">Eikones NFS Bildkritik</marc:subfield>
         <marc:subfield code="0">(DE-588)16179610-2</marc:subfield>
         <marc:subfield code="0">(DE-627)66723618X</marc:subfield>
         <marc:subfield code="0">(DE-576)349580480</marc:subfield>
         <marc:subfield code="4">oth</marc:subfield>
      </marc:datafield>
      <marc:datafield tag="776" ind1="1" ind2=" ">
         <marc:subfield code="z">9783839425466</marc:subfield>
         <marc:subfield code="c"> (ePDF)</marc:subfield>
      </marc:datafield>
      <marc:datafield tag="776" ind1="0" ind2="8">
         <marc:subfield code="i">Erscheint auch als</marc:subfield>
         <marc:subfield code="n">Online-Ausgabe</marc:subfield>
         <marc:subfield code="t">Rhythmus - Balance - Metrum</marc:subfield>
         <marc:subfield code="d">Bielefeld : transcript, 2014</marc:subfield>
         <marc:subfield code="h">1 Online-Ressource (211 Seiten)</marc:subfield>
         <marc:subfield code="w">(DE-627)1653679433</marc:subfield>
         <marc:subfield code="w">(DE-576)42350682X</marc:subfield>
         <marc:subfield code="z">9783839425466</marc:subfield>
      </marc:datafield>
      <marc:datafield tag="776" ind1="0" ind2="8">
         <marc:subfield code="i">Online-Ausg.</marc:subfield>
         <marc:subfield code="t">Rhythmus - Balance - Metrum</marc:subfield>
         <marc:subfield code="d">Bielefeld : Transcript-Verl., 2014</marc:subfield>
         <marc:subfield code="h">Online-Ressource (240 S.)</marc:subfield>
         <marc:subfield code="w">(DE-627)1656285010</marc:subfield>
         <marc:subfield code="w">(DE-576)430042728</marc:subfield>
         <marc:subfield code="z">9783839425466</marc:subfield>
      </marc:datafield>
      <marc:datafield tag="830" ind1=" " ind2="0">
         <marc:subfield code="a">Edition Kulturwissenschaft</marc:subfield>
         <marc:subfield code="v">30</marc:subfield>
         <marc:subfield code="9">30</marc:subfield>
         <marc:subfield code="w">(DE-627)639513298</marc:subfield>
         <marc:subfield code="w">(DE-576)334176662</marc:subfield>
         <marc:subfield code="w">(DE-600)2581679-2</marc:subfield>
      </marc:datafield>
      <marc:datafield tag="856" ind1="4" ind2="2">
         <marc:subfield code="u">http://www.gbv.de/dms/weimar/toc/769300049_toc.pdf</marc:subfield>
         <marc:subfield code="m">V:DE-601</marc:subfield>
         <marc:subfield code="m">B:DE-Wim2</marc:subfield>
         <marc:subfield code="q">application/pdf</marc:subfield>
         <marc:subfield code="x">Verlag</marc:subfield>
         <marc:subfield code="y">Inhaltsverzeichnis</marc:subfield>
         <marc:subfield code="3">Inhaltsverzeichnis</marc:subfield>
      </marc:datafield>
      <marc:datafield tag="856" ind1="4" ind2="2">
         <marc:subfield code="u">http://deposit.d-nb.de/cgi-bin/dokserv?id=4460770&amp;prov=M&amp;dok_var=1&amp;dok_ext=htm</marc:subfield>
         <marc:subfield code="m">X: MVB</marc:subfield>
         <marc:subfield code="q">text/html</marc:subfield>
         <marc:subfield code="v">2013-10-07</marc:subfield>
         <marc:subfield code="x">Verlag</marc:subfield>
         <marc:subfield code="3">Inhaltstext</marc:subfield>
      </marc:datafield>
      <marc:datafield tag="856" ind1="4" ind2="2">
         <marc:subfield code="u">http://d-nb.info/1042212538/04</marc:subfield>
         <marc:subfield code="m">B:DE-101</marc:subfield>
         <marc:subfield code="q">application/pdf</marc:subfield>
         <marc:subfield code="3">Inhaltsverzeichnis</marc:subfield>
      </marc:datafield>
      <marc:datafield tag="856" ind1="4" ind2="2">
         <marc:subfield code="u">http://d-nb.info/1042212538/04</marc:subfield>
         <marc:subfield code="x">Verlag</marc:subfield>
      </marc:datafield>
      <marc:datafield tag="935" ind1=" " ind2=" ">
         <marc:subfield code="i">sf</marc:subfield>
      </marc:datafield>
      <marc:datafield tag="935" ind1=" " ind2=" ">
         <marc:subfield code="i">Blocktest</marc:subfield>
      </marc:datafield>
      <marc:datafield tag="936" ind1="r" ind2="v">
         <marc:subfield code="a">AP 14900</marc:subfield>
         <marc:subfield code="b">Ton, Musik</marc:subfield>
         <marc:subfield code="k">Allgemeines</marc:subfield>
         <marc:subfield code="k">Medien- und Kommunikationswissenschaften, Kommunikationsdesign</marc:subfield>
         <marc:subfield code="k">Mittel der Kommunikation</marc:subfield>
         <marc:subfield code="k">Ton, Musik</marc:subfield>
         <marc:subfield code="0">(DE-627)1270684507</marc:subfield>
         <marc:subfield code="0">(DE-625)rvk/6908:</marc:subfield>
         <marc:subfield code="0">(DE-576)200684507</marc:subfield>
      </marc:datafield>
      <marc:datafield tag="936" ind1="r" ind2="v">
         <marc:subfield code="a">LR 55250</marc:subfield>
         <marc:subfield code="b">allgemein</marc:subfield>
         <marc:subfield code="k">Musikwissenschaft</marc:subfield>
         <marc:subfield code="k">I. Musica theoretica</marc:subfield>
         <marc:subfield code="k">Sachteil: Musica theoretica (einschl. Realien mit geographischem Bezug)</marc:subfield>
         <marc:subfield code="k">Musikalische Elemente, Kompositionstechniken, Formfaktoren</marc:subfield>
         <marc:subfield code="k">Einzelne Elemente, Kompositionstechniken, Formfaktoren:</marc:subfield>
         <marc:subfield code="k">Rhythmik, Agogik, Metrik, Takt, Tempo (Zeitmaß), Zeit, Zeitgestalt</marc:subfield>
         <marc:subfield code="k">allgemein</marc:subfield>
         <marc:subfield code="0">(DE-627)1441214917</marc:subfield>
         <marc:subfield code="0">(DE-625)rvk/109749:13528</marc:subfield>
         <marc:subfield code="0">(DE-576)371214912</marc:subfield>
      </marc:datafield>
      <marc:datafield tag="936" ind1="b" ind2="k">
         <marc:subfield code="a">20.03</marc:subfield>
         <marc:subfield code="j">Methoden und Techniken der Kunstwissenschaften</marc:subfield>
         <marc:subfield code="0">(DE-627)10640637X</marc:subfield>
      </marc:datafield>
      <marc:datafield tag="936" ind1="b" ind2="k">
         <marc:subfield code="a">50.32</marc:subfield>
         <marc:subfield code="j">Dynamik</marc:subfield>
         <marc:subfield code="j">Schwingungslehre</marc:subfield>
         <marc:subfield code="x">Technische Mechanik</marc:subfield>
         <marc:subfield code="0">(DE-627)181571161</marc:subfield>
      </marc:datafield>
      <marc:datafield tag="936" ind1="b" ind2="k">
         <marc:subfield code="a">24.40</marc:subfield>
         <marc:subfield code="j">Musik: Allgemeines</marc:subfield>
         <marc:subfield code="0">(DE-627)106405896</marc:subfield>
      </marc:datafield>
      <marc:datafield tag="936" ind1="b" ind2="k">
         <marc:subfield code="a">71.50</marc:subfield>
         <marc:subfield code="j">Kultursoziologie: Allgemeines</marc:subfield>
         <marc:subfield code="0">(DE-627)106412612</marc:subfield>
      </marc:datafield>
      <marc:datafield tag="936" ind1="b" ind2="k">
         <marc:subfield code="a">08.32</marc:subfield>
         <marc:subfield code="j">Erkenntnistheorie</marc:subfield>
         <marc:subfield code="0">(DE-627)106415263</marc:subfield>
      </marc:datafield>
      <marc:datafield tag="936" ind1="b" ind2="k">
         <marc:subfield code="a">24.40</marc:subfield>
         <marc:subfield code="j">Musik: Allgemeines</marc:subfield>
         <marc:subfield code="0">(DE-627)106405896</marc:subfield>
      </marc:datafield>
      <marc:datafield tag="951" ind1=" " ind2=" ">
         <marc:subfield code="a">BO</marc:subfield>
      </marc:datafield>
   </marc:record>