
   <marc:record>
      <marc:leader>     cam a22        4500</marc:leader>
      <marc:controlfield tag="001">379783789</marc:controlfield>
      <marc:controlfield tag="003">DE-576</marc:controlfield>
      <marc:controlfield tag="005">20201224201402.0</marc:controlfield>
      <marc:controlfield tag="007">tu</marc:controlfield>
      <marc:controlfield tag="008">130319s2012    gw |||||      00| ||ger c</marc:controlfield>
      <marc:datafield tag="020" ind1=" " ind2=" ">
         <marc:subfield code="a">9783935890984</marc:subfield>
         <marc:subfield code="9">978-3-935890-98-4</marc:subfield>
      </marc:datafield>
      <marc:datafield tag="035" ind1=" " ind2=" ">
         <marc:subfield code="a">(DE-627)738565601</marc:subfield>
      </marc:datafield>
      <marc:datafield tag="035" ind1=" " ind2=" ">
         <marc:subfield code="a">(DE-576)379783789</marc:subfield>
      </marc:datafield>
      <marc:datafield tag="035" ind1=" " ind2=" ">
         <marc:subfield code="a">(DE-599)GBV738565601</marc:subfield>
      </marc:datafield>
      <marc:datafield tag="035" ind1=" " ind2=" ">
         <marc:subfield code="a">(OCoLC)813790832</marc:subfield>
      </marc:datafield>
      <marc:datafield tag="035" ind1=" " ind2=" ">
         <marc:subfield code="a">(OCoLC)813790832</marc:subfield>
      </marc:datafield>
      <marc:datafield tag="040" ind1=" " ind2=" ">
         <marc:subfield code="a">DE-576</marc:subfield>
         <marc:subfield code="b">ger</marc:subfield>
         <marc:subfield code="c">DE-576</marc:subfield>
         <marc:subfield code="e">rakwb</marc:subfield>
      </marc:datafield>
      <marc:datafield tag="041" ind1=" " ind2=" ">
         <marc:subfield code="a">ger</marc:subfield>
      </marc:datafield>
      <marc:datafield tag="041" ind1=" " ind2=" ">
         <marc:subfield code="h">eng</marc:subfield>
      </marc:datafield>
      <marc:datafield tag="044" ind1=" " ind2=" ">
         <marc:subfield code="c">XA-DE-BY</marc:subfield>
      </marc:datafield>
      <marc:datafield tag="050" ind1=" " ind2="0">
         <marc:subfield code="a">GA105.5</marc:subfield>
      </marc:datafield>
      <marc:datafield tag="082" ind1="0" ind2=" ">
         <marc:subfield code="a">526</marc:subfield>
         <marc:subfield code="q">BSZ</marc:subfield>
      </marc:datafield>
      <marc:datafield tag="084" ind1=" " ind2=" ">
         <marc:subfield code="a">AP 15420</marc:subfield>
         <marc:subfield code="q">BVB</marc:subfield>
         <marc:subfield code="2">rvk</marc:subfield>
         <marc:subfield code="0">(DE-625)rvk/6926:</marc:subfield>
      </marc:datafield>
      <marc:datafield tag="084" ind1=" " ind2=" ">
         <marc:subfield code="a">MF 7350</marc:subfield>
         <marc:subfield code="q">BVB</marc:subfield>
         <marc:subfield code="2">rvk</marc:subfield>
         <marc:subfield code="0">(DE-625)rvk/122778:</marc:subfield>
      </marc:datafield>
      <marc:datafield tag="084" ind1=" " ind2=" ">
         <marc:subfield code="a">RB 10214</marc:subfield>
         <marc:subfield code="q">BVB</marc:subfield>
         <marc:subfield code="2">rvk</marc:subfield>
         <marc:subfield code="0">(DE-625)rvk/142220:12660</marc:subfield>
      </marc:datafield>
      <marc:datafield tag="084" ind1=" " ind2=" ">
         <marc:subfield code="a">RB 10217</marc:subfield>
         <marc:subfield code="2">rvk</marc:subfield>
         <marc:subfield code="0">(DE-625)rvk/142220:12661</marc:subfield>
      </marc:datafield>
      <marc:datafield tag="084" ind1=" " ind2=" ">
         <marc:subfield code="a">ZI 9790</marc:subfield>
         <marc:subfield code="2">rvk</marc:subfield>
         <marc:subfield code="0">(DE-625)rvk/156732:</marc:subfield>
      </marc:datafield>
      <marc:datafield tag="084" ind1=" " ind2=" ">
         <marc:subfield code="a">74.31</marc:subfield>
         <marc:subfield code="2">bkl</marc:subfield>
      </marc:datafield>
      <marc:datafield tag="084" ind1=" " ind2=" ">
         <marc:subfield code="a">74.49</marc:subfield>
         <marc:subfield code="2">bkl</marc:subfield>
      </marc:datafield>
      <marc:datafield tag="100" ind1="1" ind2=" ">
         <marc:subfield code="a">Jacobs, Frank</marc:subfield>
         <marc:subfield code="d">1971-</marc:subfield>
         <marc:subfield code="0">(DE-588)142607088</marc:subfield>
         <marc:subfield code="0">(DE-627)704269244</marc:subfield>
         <marc:subfield code="0">(DE-576)332334767</marc:subfield>
         <marc:subfield code="4">aut</marc:subfield>
      </marc:datafield>
      <marc:datafield tag="240" ind1="1" ind2="0">
         <marc:subfield code="a">Strange maps &lt;dt.&gt;</marc:subfield>
      </marc:datafield>
      <marc:datafield tag="245" ind1="1" ind2="0">
         <marc:subfield code="a">Seltsame Karten</marc:subfield>
         <marc:subfield code="b">ein Atlas kartographischer Kuriositäten</marc:subfield>
         <marc:subfield code="c">Frank Jacobs. Dt. von Matthias Müller</marc:subfield>
      </marc:datafield>
      <marc:datafield tag="250" ind1=" " ind2=" ">
         <marc:subfield code="a">2. Aufl.</marc:subfield>
      </marc:datafield>
      <marc:datafield tag="264" ind1=" " ind2="1">
         <marc:subfield code="a">[München]</marc:subfield>
         <marc:subfield code="b">Liebeskind</marc:subfield>
         <marc:subfield code="c">2012</marc:subfield>
      </marc:datafield>
      <marc:datafield tag="300" ind1=" " ind2=" ">
         <marc:subfield code="a">125 S.</marc:subfield>
         <marc:subfield code="b">Ill., graph. Darst., zahlr. Kt.</marc:subfield>
         <marc:subfield code="c">29 cm</marc:subfield>
      </marc:datafield>
      <marc:datafield tag="336" ind1=" " ind2=" ">
         <marc:subfield code="a">Text</marc:subfield>
         <marc:subfield code="b">txt</marc:subfield>
         <marc:subfield code="2">rdacontent</marc:subfield>
      </marc:datafield>
      <marc:datafield tag="337" ind1=" " ind2=" ">
         <marc:subfield code="a">ohne Hilfsmittel zu benutzen</marc:subfield>
         <marc:subfield code="b">n</marc:subfield>
         <marc:subfield code="2">rdamedia</marc:subfield>
      </marc:datafield>
      <marc:datafield tag="338" ind1=" " ind2=" ">
         <marc:subfield code="a">Band</marc:subfield>
         <marc:subfield code="b">nc</marc:subfield>
         <marc:subfield code="2">rdacarrier</marc:subfield>
      </marc:datafield>
      <marc:datafield tag="500" ind1=" " ind2=" ">
         <marc:subfield code="a">S. 95 - 98 auf einem gef. Bl</marc:subfield>
      </marc:datafield>
      <marc:datafield tag="591" ind1=" " ind2=" ">
         <marc:subfield code="a">5090: ddsu/sred ; IMD-Felder und 1131 maschinell ergänzt ; 5090: S1LB18/sred (SWB)</marc:subfield>
      </marc:datafield>
      <marc:datafield tag="655" ind1=" " ind2="7">
         <marc:subfield code="a">Atlas</marc:subfield>
         <marc:subfield code="0">(DE-588)4143303-8</marc:subfield>
         <marc:subfield code="0">(DE-627)105606529</marc:subfield>
         <marc:subfield code="0">(DE-576)209725206</marc:subfield>
         <marc:subfield code="2">gnd-content</marc:subfield>
      </marc:datafield>
      <marc:datafield tag="655" ind1=" " ind2="7">
         <marc:subfield code="a">Beispielsammlung</marc:subfield>
         <marc:subfield code="0">(DE-588)4144384-6</marc:subfield>
         <marc:subfield code="0">(DE-627)104798521</marc:subfield>
         <marc:subfield code="0">(DE-576)209733659</marc:subfield>
         <marc:subfield code="2">gnd-content</marc:subfield>
      </marc:datafield>
      <marc:datafield tag="689" ind1="0" ind2="0">
         <marc:subfield code="D">s</marc:subfield>
         <marc:subfield code="0">(DE-588)4029783-4</marc:subfield>
         <marc:subfield code="0">(DE-627)104321792</marc:subfield>
         <marc:subfield code="0">(DE-576)208984178</marc:subfield>
         <marc:subfield code="a">Karte</marc:subfield>
         <marc:subfield code="2">gnd</marc:subfield>
      </marc:datafield>
      <marc:datafield tag="689" ind1="0" ind2="1">
         <marc:subfield code="A">z</marc:subfield>
         <marc:subfield code="2">gnd</marc:subfield>
         <marc:subfield code="a">Geschichte</marc:subfield>
      </marc:datafield>
      <marc:datafield tag="689" ind1="0" ind2=" ">
         <marc:subfield code="5">DE-101</marc:subfield>
      </marc:datafield>
      <marc:datafield tag="689" ind1="1" ind2="0">
         <marc:subfield code="D">s</marc:subfield>
         <marc:subfield code="0">(DE-588)4238091-1</marc:subfield>
         <marc:subfield code="0">(DE-627)104881925</marc:subfield>
         <marc:subfield code="0">(DE-576)21041040X</marc:subfield>
         <marc:subfield code="a">Historische Karte</marc:subfield>
         <marc:subfield code="2">gnd</marc:subfield>
      </marc:datafield>
      <marc:datafield tag="689" ind1="1" ind2="1">
         <marc:subfield code="D">s</marc:subfield>
         <marc:subfield code="0">(DE-588)4125665-7</marc:subfield>
         <marc:subfield code="0">(DE-627)105738417</marc:subfield>
         <marc:subfield code="0">(DE-576)209578491</marc:subfield>
         <marc:subfield code="a">Kuriosität</marc:subfield>
         <marc:subfield code="2">gnd</marc:subfield>
      </marc:datafield>
      <marc:datafield tag="689" ind1="1" ind2=" ">
         <marc:subfield code="5">(DE-627)</marc:subfield>
      </marc:datafield>
      <marc:datafield tag="700" ind1="1" ind2=" ">
         <marc:subfield code="a">Müller, Matthias</marc:subfield>
         <marc:subfield code="4">oth</marc:subfield>
      </marc:datafield>
      <marc:datafield tag="700" ind1="1" ind2="2">
         <marc:subfield code="a">Jacobs, Frank</marc:subfield>
         <marc:subfield code="d">1971-</marc:subfield>
         <marc:subfield code="t">Strange maps &lt;dt.&gt;</marc:subfield>
      </marc:datafield>
      <marc:datafield tag="856" ind1="4" ind2="2">
         <marc:subfield code="u">http://deposit.d-nb.de/cgi-bin/dokserv?id=4019600&amp;prov=M&amp;dok_var=1&amp;dok_ext=htm</marc:subfield>
         <marc:subfield code="m">X:MVB</marc:subfield>
         <marc:subfield code="q">text/html</marc:subfield>
         <marc:subfield code="3">Inhaltstext</marc:subfield>
      </marc:datafield>
      <marc:datafield tag="935" ind1=" " ind2=" ">
         <marc:subfield code="a">BGTS</marc:subfield>
      </marc:datafield>
      <marc:datafield tag="935" ind1=" " ind2=" ">
         <marc:subfield code="i">Blocktest</marc:subfield>
      </marc:datafield>
      <marc:datafield tag="936" ind1="r" ind2="v">
         <marc:subfield code="a">AP 15420</marc:subfield>
         <marc:subfield code="b">Zeichnung, Grafik, Karikatur</marc:subfield>
         <marc:subfield code="k">Allgemeines</marc:subfield>
         <marc:subfield code="k">Medien- und Kommunikationswissenschaften, Kommunikationsdesign</marc:subfield>
         <marc:subfield code="k">Formen der Kommunikation und des Kommunikationsdesigns</marc:subfield>
         <marc:subfield code="k">Optische Formen, Visuelle Kommunikation, Gebrauchsgrafik</marc:subfield>
         <marc:subfield code="k">Abbildung</marc:subfield>
         <marc:subfield code="k">Zeichnung, Grafik, Karikatur</marc:subfield>
         <marc:subfield code="0">(DE-627)1270684620</marc:subfield>
         <marc:subfield code="0">(DE-625)rvk/6926:</marc:subfield>
         <marc:subfield code="0">(DE-576)200684620</marc:subfield>
      </marc:datafield>
      <marc:datafield tag="936" ind1="r" ind2="v">
         <marc:subfield code="a">MF 7350</marc:subfield>
         <marc:subfield code="b">Wirtschaftlichkeit, Verwaltungsvereinfachung, Verwaltungsreform</marc:subfield>
         <marc:subfield code="k">Politologie</marc:subfield>
         <marc:subfield code="k">Politische Systeme: einzelne Elemente</marc:subfield>
         <marc:subfield code="k">Verwaltung</marc:subfield>
         <marc:subfield code="k">Organisation, Struktur, Entscheidungsprozess, Subsidiaritätsprinzip</marc:subfield>
         <marc:subfield code="k">Wirtschaftlichkeit, Verwaltungsvereinfachung, Verwaltungsreform</marc:subfield>
         <marc:subfield code="0">(DE-627)1271429586</marc:subfield>
         <marc:subfield code="0">(DE-625)rvk/122778:</marc:subfield>
         <marc:subfield code="0">(DE-576)201429586</marc:subfield>
      </marc:datafield>
      <marc:datafield tag="936" ind1="r" ind2="v">
         <marc:subfield code="a">RB 10214</marc:subfield>
         <marc:subfield code="b">Teilgebiete und Einzelfragen</marc:subfield>
         <marc:subfield code="k">Geografie</marc:subfield>
         <marc:subfield code="k">Nicht regional gebundene Darstellungen</marc:subfield>
         <marc:subfield code="k">Allgemeine Geografie</marc:subfield>
         <marc:subfield code="k">Mathematische Geografie und Physiogeografie</marc:subfield>
         <marc:subfield code="k">Mathematische Geografie und Kartografie</marc:subfield>
         <marc:subfield code="k">Kartografie</marc:subfield>
         <marc:subfield code="k">Teilgebiete und Einzelfragen</marc:subfield>
         <marc:subfield code="0">(DE-627)1271502976</marc:subfield>
         <marc:subfield code="0">(DE-625)rvk/142220:12660</marc:subfield>
         <marc:subfield code="0">(DE-576)201502976</marc:subfield>
      </marc:datafield>
      <marc:datafield tag="936" ind1="r" ind2="v">
         <marc:subfield code="a">RB 10217</marc:subfield>
         <marc:subfield code="b">Historische Karten, Globen, Ansichten</marc:subfield>
         <marc:subfield code="k">Geografie</marc:subfield>
         <marc:subfield code="k">Nicht regional gebundene Darstellungen</marc:subfield>
         <marc:subfield code="k">Allgemeine Geografie</marc:subfield>
         <marc:subfield code="k">Mathematische Geografie und Physiogeografie</marc:subfield>
         <marc:subfield code="k">Mathematische Geografie und Kartografie</marc:subfield>
         <marc:subfield code="k">Kartografie</marc:subfield>
         <marc:subfield code="k">Teilgebiete und Einzelfragen</marc:subfield>
         <marc:subfield code="k">Historische Karten, Globen, Ansichten</marc:subfield>
         <marc:subfield code="0">(DE-627)1270876694</marc:subfield>
         <marc:subfield code="0">(DE-625)rvk/142220:12661</marc:subfield>
         <marc:subfield code="0">(DE-576)200876694</marc:subfield>
      </marc:datafield>
      <marc:datafield tag="936" ind1="r" ind2="v">
         <marc:subfield code="a">ZI 9790</marc:subfield>
         <marc:subfield code="b">Historische Karten</marc:subfield>
         <marc:subfield code="k">Technik</marc:subfield>
         <marc:subfield code="k">Bauingenieurwesen</marc:subfield>
         <marc:subfield code="k">Geodäsie, Vermessung</marc:subfield>
         <marc:subfield code="k">Kartographie</marc:subfield>
         <marc:subfield code="k">Historische Karten</marc:subfield>
         <marc:subfield code="0">(DE-627)127082127X</marc:subfield>
         <marc:subfield code="0">(DE-625)rvk/156732:</marc:subfield>
         <marc:subfield code="0">(DE-576)20082127X</marc:subfield>
      </marc:datafield>
      <marc:datafield tag="936" ind1="b" ind2="k">
         <marc:subfield code="a">74.31</marc:subfield>
         <marc:subfield code="j">Geschichte der Kartographie</marc:subfield>
         <marc:subfield code="0">(DE-627)106412027</marc:subfield>
      </marc:datafield>
      <marc:datafield tag="936" ind1="b" ind2="k">
         <marc:subfield code="a">74.49</marc:subfield>
         <marc:subfield code="j">Kartographie: Sonstiges</marc:subfield>
         <marc:subfield code="0">(DE-627)106411926</marc:subfield>
      </marc:datafield>
      <marc:datafield tag="951" ind1=" " ind2=" ">
         <marc:subfield code="a">BO</marc:subfield>
      </marc:datafield>
   </marc:record>