
   <marc:record>
      <marc:leader>     cam a22        4500</marc:leader>
      <marc:controlfield tag="001">367568659</marc:controlfield>
      <marc:controlfield tag="003">DE-576</marc:controlfield>
      <marc:controlfield tag="005">20210518112204.0</marc:controlfield>
      <marc:controlfield tag="007">tu</marc:controlfield>
      <marc:controlfield tag="008">111221s2012    gw |||||      00| ||ger c</marc:controlfield>
      <marc:datafield tag="015" ind1=" " ind2=" ">
         <marc:subfield code="a">11,N51</marc:subfield>
         <marc:subfield code="2">dnb</marc:subfield>
      </marc:datafield>
      <marc:datafield tag="015" ind1=" " ind2=" ">
         <marc:subfield code="a">11,N51</marc:subfield>
         <marc:subfield code="2">dnb</marc:subfield>
      </marc:datafield>
      <marc:datafield tag="016" ind1="7" ind2=" ">
         <marc:subfield code="a">101786666X</marc:subfield>
         <marc:subfield code="2">DE-101</marc:subfield>
      </marc:datafield>
      <marc:datafield tag="020" ind1=" " ind2=" ">
         <marc:subfield code="a">9783942449403</marc:subfield>
         <marc:subfield code="c"> : EUR 18.00 (DE), EUR 18.50 (AT), sfr 30.90 (freier Pr.)</marc:subfield>
         <marc:subfield code="9">978-3-942449-40-3</marc:subfield>
      </marc:datafield>
      <marc:datafield tag="024" ind1="3" ind2=" ">
         <marc:subfield code="a">9783942449403</marc:subfield>
      </marc:datafield>
      <marc:datafield tag="035" ind1=" " ind2=" ">
         <marc:subfield code="a">(DE-627)680355030</marc:subfield>
      </marc:datafield>
      <marc:datafield tag="035" ind1=" " ind2=" ">
         <marc:subfield code="a">(DE-576)367568659</marc:subfield>
      </marc:datafield>
      <marc:datafield tag="035" ind1=" " ind2=" ">
         <marc:subfield code="a">(DE-599)DNB101786666X</marc:subfield>
      </marc:datafield>
      <marc:datafield tag="035" ind1=" " ind2=" ">
         <marc:subfield code="a">(OCoLC)797965672</marc:subfield>
      </marc:datafield>
      <marc:datafield tag="035" ind1=" " ind2=" ">
         <marc:subfield code="a">(OCoLC)797965672</marc:subfield>
      </marc:datafield>
      <marc:datafield tag="035" ind1=" " ind2=" ">
         <marc:subfield code="a">(DE-101)101786666X</marc:subfield>
      </marc:datafield>
      <marc:datafield tag="040" ind1=" " ind2=" ">
         <marc:subfield code="a">DE-576</marc:subfield>
         <marc:subfield code="b">ger</marc:subfield>
         <marc:subfield code="c">DE-576</marc:subfield>
         <marc:subfield code="e">rakwb</marc:subfield>
      </marc:datafield>
      <marc:datafield tag="041" ind1=" " ind2=" ">
         <marc:subfield code="a">ger</marc:subfield>
      </marc:datafield>
      <marc:datafield tag="044" ind1=" " ind2=" ">
         <marc:subfield code="c">XA-DE-BE</marc:subfield>
      </marc:datafield>
      <marc:datafield tag="082" ind1="0" ind2=" ">
         <marc:subfield code="a">790</marc:subfield>
         <marc:subfield code="q">BSZ</marc:subfield>
      </marc:datafield>
      <marc:datafield tag="082" ind1="0" ind2=" ">
         <marc:subfield code="a">792.0943155</marc:subfield>
      </marc:datafield>
      <marc:datafield tag="082" ind1="0" ind2="4">
         <marc:subfield code="a">792</marc:subfield>
         <marc:subfield code="q">DNB</marc:subfield>
      </marc:datafield>
      <marc:datafield tag="082" ind1="0" ind2="4">
         <marc:subfield code="a">790</marc:subfield>
      </marc:datafield>
      <marc:datafield tag="084" ind1=" " ind2=" ">
         <marc:subfield code="a">AP 65000</marc:subfield>
         <marc:subfield code="2">rvk</marc:subfield>
         <marc:subfield code="0">(DE-625)rvk/7836:</marc:subfield>
      </marc:datafield>
      <marc:datafield tag="084" ind1=" " ind2=" ">
         <marc:subfield code="a">24.02</marc:subfield>
         <marc:subfield code="2">bkl</marc:subfield>
      </marc:datafield>
      <marc:datafield tag="084" ind1=" " ind2=" ">
         <marc:subfield code="a">24.06</marc:subfield>
         <marc:subfield code="2">bkl</marc:subfield>
      </marc:datafield>
      <marc:datafield tag="245" ind1="1" ind2="0">
         <marc:subfield code="a">Import Export</marc:subfield>
         <marc:subfield code="b">Arbeitsbuch zum HAU Berlin</marc:subfield>
         <marc:subfield code="c">hrsg. von Kirsten Hehmeyer und Matthias Pees. Mitarb. Katrin Dod</marc:subfield>
      </marc:datafield>
      <marc:datafield tag="264" ind1=" " ind2="1">
         <marc:subfield code="a">Berlin</marc:subfield>
         <marc:subfield code="b">Theater der Zeit</marc:subfield>
         <marc:subfield code="c">2012</marc:subfield>
      </marc:datafield>
      <marc:datafield tag="300" ind1=" " ind2=" ">
         <marc:subfield code="a">178 S.</marc:subfield>
         <marc:subfield code="b">zahlr. Ill.</marc:subfield>
         <marc:subfield code="c">29 cm</marc:subfield>
      </marc:datafield>
      <marc:datafield tag="336" ind1=" " ind2=" ">
         <marc:subfield code="a">Text</marc:subfield>
         <marc:subfield code="b">txt</marc:subfield>
         <marc:subfield code="2">rdacontent</marc:subfield>
      </marc:datafield>
      <marc:datafield tag="337" ind1=" " ind2=" ">
         <marc:subfield code="a">ohne Hilfsmittel zu benutzen</marc:subfield>
         <marc:subfield code="b">n</marc:subfield>
         <marc:subfield code="2">rdamedia</marc:subfield>
      </marc:datafield>
      <marc:datafield tag="338" ind1=" " ind2=" ">
         <marc:subfield code="a">Band</marc:subfield>
         <marc:subfield code="b">nc</marc:subfield>
         <marc:subfield code="2">rdacarrier</marc:subfield>
      </marc:datafield>
      <marc:datafield tag="490" ind1="1" ind2=" ">
         <marc:subfield code="a">Theater der Zeit</marc:subfield>
         <marc:subfield code="a">Arbeitsbuch</marc:subfield>
         <marc:subfield code="v">2012 = 67,7/8</marc:subfield>
      </marc:datafield>
      <marc:datafield tag="490" ind1="1" ind2=" ">
         <marc:subfield code="a">Theater der Zeit</marc:subfield>
         <marc:subfield code="v">67,7/8</marc:subfield>
      </marc:datafield>
      <marc:datafield tag="520" ind1=" " ind2=" ">
         <marc:subfield code="a">Wer hinauswill in die Welt, muss als Erstes und vor allem mal vor die Haustüre treten. In den vergangenen zehn Jahren haben sich die freie deutsche Theaterszene und ihre Zuschauer nicht nur international profiliert und vernetzt, sondern durch zugespitzte künstlerische Auseinandersetzungen mit ökonomischer Realität und sozialen Umfeldern, Stadt- und Lebensraum auch neue Theater- und Interventionsformate entwickelt. Eine Schlüsselrolle bei diesen Entwicklungen fällt dem Berliner HAU zu, denn das Hybrid theater in Berlin-Kreuzberg mit dem schlagkräftigen Namen widmet sich nicht den literarischen Theatertraditionen und gutbürgerlichen Bildungsaufträgen. Das 2003 aus drei benachbarten Häusern hervorgegangene HAU - dem vormaligen Hebbel-Theater, dem Theater am Halleschen Ufer und dem Theater am Ufer - hat unter der künstlerischen Leitung von Matthias Lilienthal die Räume mit einem Theater der Themen derart überfüllt, dass selbst die umliegenden Straßen und Bezirke noch in den Kunstraum einbezogen und bespielt wurden. Stadt und Welt, Wirklichkeit und Fake, Diskurs und Entgrenzung, Beat und Bildung fanden auf ganz undidaktische, ereignishafte Weise im HAU zu einer Verortung, wie es sie vorher nicht gab in der deutschen Theaterlandschaft. Nach neun Jahren im Produktionsrausch verlassen im Sommer 2012 Lilienthal und sein Team das HAU: Anlass für ein Arbeitsbuch, das sich den Phänomenen und Konzepten, den Themen und Formaten des HAU wie auch anderer zeitgenössischer Produktionshäuser widmet. „Mit abgedruckten Wissenschaftler-Gesprächen, Künstler-Statements und Dramaturgen-Essays macht das Buch jene Diskussionsdichte und Komplexität sichtbar, die das HAU wie kaum eine andere Institution der Stadt in der letzten Dekade anzettelte“ (Berliner Zeitung)</marc:subfield>
      </marc:datafield>
      <marc:datafield tag="591" ind1=" " ind2=" ">
         <marc:subfield code="a">Serienzählung im Internet ermittelt (GBV). - 5090: ddsu/sred ; IMD-Felder und 1131 maschinell ergänzt (SWB)</marc:subfield>
      </marc:datafield>
      <marc:datafield tag="655" ind1=" " ind2="7">
         <marc:subfield code="a">Aufsatzsammlung</marc:subfield>
         <marc:subfield code="0">(DE-588)4143413-4</marc:subfield>
         <marc:subfield code="0">(DE-627)105605727</marc:subfield>
         <marc:subfield code="0">(DE-576)209726091</marc:subfield>
         <marc:subfield code="2">gnd-content</marc:subfield>
      </marc:datafield>
      <marc:datafield tag="689" ind1="0" ind2="0">
         <marc:subfield code="D">b</marc:subfield>
         <marc:subfield code="0">(DE-588)16165392-3</marc:subfield>
         <marc:subfield code="0">(DE-627)664576559</marc:subfield>
         <marc:subfield code="0">(DE-576)347666175</marc:subfield>
         <marc:subfield code="a">HAU Hebbel am Ufer</marc:subfield>
         <marc:subfield code="g">Körperschaft</marc:subfield>
         <marc:subfield code="2">gnd</marc:subfield>
      </marc:datafield>
      <marc:datafield tag="689" ind1="0" ind2=" ">
         <marc:subfield code="5">DE-101</marc:subfield>
      </marc:datafield>
      <marc:datafield tag="700" ind1="1" ind2=" ">
         <marc:subfield code="a">Hehmeyer, Kirsten</marc:subfield>
         <marc:subfield code="e">Hrsg.</marc:subfield>
         <marc:subfield code="0">(DE-588)1057191949</marc:subfield>
         <marc:subfield code="0">(DE-627)795715439</marc:subfield>
         <marc:subfield code="0">(DE-576)413668525</marc:subfield>
         <marc:subfield code="4">edt</marc:subfield>
      </marc:datafield>
      <marc:datafield tag="700" ind1="1" ind2=" ">
         <marc:subfield code="a">Pees, Matthias</marc:subfield>
         <marc:subfield code="d">1970-</marc:subfield>
         <marc:subfield code="0">(DE-588)1175680508</marc:subfield>
         <marc:subfield code="0">(DE-627)1046967215</marc:subfield>
         <marc:subfield code="0">(DE-576)516392352</marc:subfield>
         <marc:subfield code="4">oth</marc:subfield>
      </marc:datafield>
      <marc:datafield tag="700" ind1="1" ind2=" ">
         <marc:subfield code="a">Dod, Katrin</marc:subfield>
         <marc:subfield code="4">oth</marc:subfield>
      </marc:datafield>
      <marc:datafield tag="710" ind1="2" ind2=" ">
         <marc:subfield code="a">HAU Hebbel am Ufer</marc:subfield>
         <marc:subfield code="g">Körperschaft</marc:subfield>
         <marc:subfield code="0">(DE-588)16165392-3</marc:subfield>
         <marc:subfield code="0">(DE-627)664576559</marc:subfield>
         <marc:subfield code="0">(DE-576)347666175</marc:subfield>
         <marc:subfield code="4">oth</marc:subfield>
      </marc:datafield>
      <marc:datafield tag="830" ind1=" " ind2="0">
         <marc:subfield code="a">Theater der Zeit / Arbeitsbuch</marc:subfield>
         <marc:subfield code="v">2012</marc:subfield>
         <marc:subfield code="9">2012</marc:subfield>
         <marc:subfield code="w">(DE-627)230489370</marc:subfield>
         <marc:subfield code="w">(DE-576)099718014</marc:subfield>
         <marc:subfield code="w">(DE-600)1386049-5</marc:subfield>
         <marc:subfield code="x">0040-5418</marc:subfield>
      </marc:datafield>
      <marc:datafield tag="830" ind1=" " ind2="0">
         <marc:subfield code="a">Theater der Zeit</marc:subfield>
         <marc:subfield code="v">67,7/8</marc:subfield>
         <marc:subfield code="9">67,7/8</marc:subfield>
         <marc:subfield code="w">(DE-627)129480517</marc:subfield>
         <marc:subfield code="w">(DE-576)014863014</marc:subfield>
         <marc:subfield code="w">(DE-600)204314-2</marc:subfield>
         <marc:subfield code="x">0040-5418</marc:subfield>
      </marc:datafield>
      <marc:datafield tag="856" ind1="4" ind2="2">
         <marc:subfield code="u">http://deposit.d-nb.de/cgi-bin/dokserv?id=3936243&amp;prov=M&amp;dok_var=1&amp;dok_ext=htm</marc:subfield>
         <marc:subfield code="m">X: MVB</marc:subfield>
         <marc:subfield code="q">text/html</marc:subfield>
         <marc:subfield code="v">2013-05-01</marc:subfield>
         <marc:subfield code="x">Verlag</marc:subfield>
         <marc:subfield code="3">Inhaltstext</marc:subfield>
      </marc:datafield>
      <marc:datafield tag="856" ind1="4" ind2="2">
         <marc:subfield code="u">http://d-nb.info/101786666X/04</marc:subfield>
         <marc:subfield code="m">B:DE-101</marc:subfield>
         <marc:subfield code="q">application/pdf</marc:subfield>
         <marc:subfield code="v">2013-05-01</marc:subfield>
         <marc:subfield code="x">Verlag</marc:subfield>
         <marc:subfield code="3">Inhaltsverzeichnis</marc:subfield>
      </marc:datafield>
      <marc:datafield tag="935" ind1=" " ind2=" ">
         <marc:subfield code="i">Blocktest</marc:subfield>
      </marc:datafield>
      <marc:datafield tag="936" ind1="r" ind2="v">
         <marc:subfield code="a">AP 65000</marc:subfield>
         <marc:subfield code="b">Theater in einzelnen Orten (CSN des Ortes)</marc:subfield>
         <marc:subfield code="k">Allgemeines</marc:subfield>
         <marc:subfield code="k">Medien- und Kommunikationswissenschaften, Kommunikationsdesign</marc:subfield>
         <marc:subfield code="k">Theater</marc:subfield>
         <marc:subfield code="k">Biografie, Geschichte</marc:subfield>
         <marc:subfield code="k">Theater in einzelnen Orten (CSN des Ortes)</marc:subfield>
         <marc:subfield code="0">(DE-627)1270691651</marc:subfield>
         <marc:subfield code="0">(DE-625)rvk/7836:</marc:subfield>
         <marc:subfield code="0">(DE-576)200691651</marc:subfield>
      </marc:datafield>
      <marc:datafield tag="936" ind1="b" ind2="k">
         <marc:subfield code="a">24.02</marc:subfield>
         <marc:subfield code="j">Theater: Allgemeines</marc:subfield>
         <marc:subfield code="0">(DE-627)106415786</marc:subfield>
      </marc:datafield>
      <marc:datafield tag="936" ind1="b" ind2="k">
         <marc:subfield code="a">24.06</marc:subfield>
         <marc:subfield code="j">Theatergeschichte</marc:subfield>
         <marc:subfield code="0">(DE-627)106405845</marc:subfield>
      </marc:datafield>
      <marc:datafield tag="951" ind1=" " ind2=" ">
         <marc:subfield code="a">BO</marc:subfield>
      </marc:datafield>
   </marc:record>