
   <marc:record>
      <marc:leader>     cam a22        4500</marc:leader>
      <marc:controlfield tag="001">352546476</marc:controlfield>
      <marc:controlfield tag="003">DE-576</marc:controlfield>
      <marc:controlfield tag="005">20201116072504.0</marc:controlfield>
      <marc:controlfield tag="007">tu</marc:controlfield>
      <marc:controlfield tag="008">110608s2012    gw ||||| m    00| ||ger c</marc:controlfield>
      <marc:datafield tag="015" ind1=" " ind2=" ">
         <marc:subfield code="a">11,N23</marc:subfield>
         <marc:subfield code="2">dnb</marc:subfield>
      </marc:datafield>
      <marc:datafield tag="015" ind1=" " ind2=" ">
         <marc:subfield code="a">11,N23</marc:subfield>
         <marc:subfield code="2">dnb</marc:subfield>
      </marc:datafield>
      <marc:datafield tag="016" ind1="7" ind2=" ">
         <marc:subfield code="a">1012138291</marc:subfield>
         <marc:subfield code="2">DE-101</marc:subfield>
      </marc:datafield>
      <marc:datafield tag="020" ind1=" " ind2=" ">
         <marc:subfield code="a">3837617947</marc:subfield>
         <marc:subfield code="c">Pb. : ca. EUR 23.80 (DE), ca. sfr 33.90 (freier Pr.)</marc:subfield>
         <marc:subfield code="9">3-8376-1794-7</marc:subfield>
      </marc:datafield>
      <marc:datafield tag="020" ind1=" " ind2=" ">
         <marc:subfield code="a">9783837617948</marc:subfield>
         <marc:subfield code="c"> : Pb. : ca. EUR 23.80 (DE), ca. sfr 33.90 (freier Pr.)</marc:subfield>
         <marc:subfield code="9">978-3-8376-1794-8</marc:subfield>
      </marc:datafield>
      <marc:datafield tag="024" ind1="3" ind2=" ">
         <marc:subfield code="a">9783837617948</marc:subfield>
      </marc:datafield>
      <marc:datafield tag="035" ind1=" " ind2=" ">
         <marc:subfield code="a">(DE-627)66173076X</marc:subfield>
      </marc:datafield>
      <marc:datafield tag="035" ind1=" " ind2=" ">
         <marc:subfield code="a">(DE-576)352546476</marc:subfield>
      </marc:datafield>
      <marc:datafield tag="035" ind1=" " ind2=" ">
         <marc:subfield code="a">(DE-599)DNB1012138291</marc:subfield>
      </marc:datafield>
      <marc:datafield tag="035" ind1=" " ind2=" ">
         <marc:subfield code="a">(OCoLC)810257993</marc:subfield>
      </marc:datafield>
      <marc:datafield tag="035" ind1=" " ind2=" ">
         <marc:subfield code="a">(OCoLC)810257993</marc:subfield>
      </marc:datafield>
      <marc:datafield tag="035" ind1=" " ind2=" ">
         <marc:subfield code="a">(DE-101)1012138291</marc:subfield>
      </marc:datafield>
      <marc:datafield tag="040" ind1=" " ind2=" ">
         <marc:subfield code="a">DE-576</marc:subfield>
         <marc:subfield code="b">ger</marc:subfield>
         <marc:subfield code="c">DE-576</marc:subfield>
         <marc:subfield code="e">rakwb</marc:subfield>
      </marc:datafield>
      <marc:datafield tag="041" ind1=" " ind2=" ">
         <marc:subfield code="a">ger</marc:subfield>
      </marc:datafield>
      <marc:datafield tag="044" ind1=" " ind2=" ">
         <marc:subfield code="c">XA-DE-NW</marc:subfield>
      </marc:datafield>
      <marc:datafield tag="082" ind1="0" ind2=" ">
         <marc:subfield code="a">792</marc:subfield>
         <marc:subfield code="q">BSZ</marc:subfield>
      </marc:datafield>
      <marc:datafield tag="082" ind1="0" ind2="4">
         <marc:subfield code="a">792</marc:subfield>
         <marc:subfield code="q">DNB</marc:subfield>
      </marc:datafield>
      <marc:datafield tag="084" ind1=" " ind2=" ">
         <marc:subfield code="a">AP 84500</marc:subfield>
         <marc:subfield code="2">rvk</marc:subfield>
         <marc:subfield code="0">(DE-625)rvk/8039:</marc:subfield>
      </marc:datafield>
      <marc:datafield tag="084" ind1=" " ind2=" ">
         <marc:subfield code="a">24.15</marc:subfield>
         <marc:subfield code="2">bkl</marc:subfield>
      </marc:datafield>
      <marc:datafield tag="084" ind1=" " ind2=" ">
         <marc:subfield code="a">15.07</marc:subfield>
         <marc:subfield code="2">bkl</marc:subfield>
      </marc:datafield>
      <marc:datafield tag="090" ind1=" " ind2=" ">
         <marc:subfield code="a">a</marc:subfield>
      </marc:datafield>
      <marc:datafield tag="100" ind1="1" ind2=" ">
         <marc:subfield code="a">Barrionuevo Anzaldi, Franco</marc:subfield>
         <marc:subfield code="0">(DE-588)101841424X</marc:subfield>
         <marc:subfield code="0">(DE-627)682305669</marc:subfield>
         <marc:subfield code="0">(DE-576)355742802</marc:subfield>
         <marc:subfield code="4">aut</marc:subfield>
      </marc:datafield>
      <marc:datafield tag="245" ind1="1" ind2="0">
         <marc:subfield code="a">Politischer Tango</marc:subfield>
         <marc:subfield code="b">intellektuelle Kämpfe um Tanzkultur im Zeichen des Peronismus</marc:subfield>
         <marc:subfield code="c">Franco Barrionuevo Anzaldi</marc:subfield>
      </marc:datafield>
      <marc:datafield tag="246" ind1="3" ind2="3">
         <marc:subfield code="a">Polarisierter Tango im Zeitalter des Postperonismus</marc:subfield>
      </marc:datafield>
      <marc:datafield tag="264" ind1=" " ind2="1">
         <marc:subfield code="a">Bielefeld</marc:subfield>
         <marc:subfield code="b">transcript</marc:subfield>
         <marc:subfield code="c">2012</marc:subfield>
      </marc:datafield>
      <marc:datafield tag="300" ind1=" " ind2=" ">
         <marc:subfield code="a">164 S.</marc:subfield>
         <marc:subfield code="c">225 mm x 148 mm, 237 g</marc:subfield>
      </marc:datafield>
      <marc:datafield tag="336" ind1=" " ind2=" ">
         <marc:subfield code="a">Text</marc:subfield>
         <marc:subfield code="b">txt</marc:subfield>
         <marc:subfield code="2">rdacontent</marc:subfield>
      </marc:datafield>
      <marc:datafield tag="337" ind1=" " ind2=" ">
         <marc:subfield code="a">ohne Hilfsmittel zu benutzen</marc:subfield>
         <marc:subfield code="b">n</marc:subfield>
         <marc:subfield code="2">rdamedia</marc:subfield>
      </marc:datafield>
      <marc:datafield tag="338" ind1=" " ind2=" ">
         <marc:subfield code="a">Band</marc:subfield>
         <marc:subfield code="b">nc</marc:subfield>
         <marc:subfield code="2">rdacarrier</marc:subfield>
      </marc:datafield>
      <marc:datafield tag="490" ind1="1" ind2=" ">
         <marc:subfield code="a">TanzScripte</marc:subfield>
         <marc:subfield code="v">Bd. 23</marc:subfield>
      </marc:datafield>
      <marc:datafield tag="501" ind1=" " ind2=" ">
         <marc:subfield code="a">Literaturverz. S. [149] - 159</marc:subfield>
      </marc:datafield>
      <marc:datafield tag="502" ind1=" " ind2=" ">
         <marc:subfield code="a">Teilw. zugl.: Hamburg, Univ., Diplomarbeit, 2009 u.d.T.: Barrionuevo Anzaldi, Franco: Polarisierter Tango im Zeitalter des Postperonismus</marc:subfield>
      </marc:datafield>
      <marc:datafield tag="591" ind1=" " ind2=" ">
         <marc:subfield code="a">IMD-Felder und 1131 maschinell ergänzt (SWB)</marc:subfield>
      </marc:datafield>
      <marc:datafield tag="650" ind1=" " ind2="4">
         <marc:subfield code="a">Argentinien</marc:subfield>
      </marc:datafield>
      <marc:datafield tag="650" ind1=" " ind2="4">
         <marc:subfield code="a">Geschichte</marc:subfield>
      </marc:datafield>
      <marc:datafield tag="650" ind1=" " ind2="4">
         <marc:subfield code="a">Intellektuelle</marc:subfield>
      </marc:datafield>
      <marc:datafield tag="650" ind1=" " ind2="4">
         <marc:subfield code="a">Kultur</marc:subfield>
      </marc:datafield>
      <marc:datafield tag="650" ind1=" " ind2="4">
         <marc:subfield code="a">Literatur</marc:subfield>
      </marc:datafield>
      <marc:datafield tag="650" ind1=" " ind2="4">
         <marc:subfield code="a">Paperback / softback</marc:subfield>
      </marc:datafield>
      <marc:datafield tag="650" ind1=" " ind2="4">
         <marc:subfield code="a">Peronismus</marc:subfield>
      </marc:datafield>
      <marc:datafield tag="650" ind1=" " ind2="4">
         <marc:subfield code="a">Politik</marc:subfield>
      </marc:datafield>
      <marc:datafield tag="650" ind1=" " ind2="4">
         <marc:subfield code="a">Tango</marc:subfield>
      </marc:datafield>
      <marc:datafield tag="650" ind1=" " ind2="4">
         <marc:subfield code="a">Tanz</marc:subfield>
      </marc:datafield>
      <marc:datafield tag="655" ind1=" " ind2="7">
         <marc:subfield code="a">Hochschulschrift</marc:subfield>
         <marc:subfield code="0">(DE-588)4113937-9</marc:subfield>
         <marc:subfield code="0">(DE-627)105825778</marc:subfield>
         <marc:subfield code="0">(DE-576)209480580</marc:subfield>
         <marc:subfield code="2">gnd-content</marc:subfield>
      </marc:datafield>
      <marc:datafield tag="689" ind1="0" ind2="0">
         <marc:subfield code="D">g</marc:subfield>
         <marc:subfield code="0">(DE-588)4002890-2</marc:subfield>
         <marc:subfield code="0">(DE-627)106391658</marc:subfield>
         <marc:subfield code="0">(DE-576)208849157</marc:subfield>
         <marc:subfield code="a">Argentinien</marc:subfield>
         <marc:subfield code="2">gnd</marc:subfield>
      </marc:datafield>
      <marc:datafield tag="689" ind1="0" ind2="1">
         <marc:subfield code="D">s</marc:subfield>
         <marc:subfield code="0">(DE-588)4124941-0</marc:subfield>
         <marc:subfield code="0">(DE-627)105743879</marc:subfield>
         <marc:subfield code="0">(DE-576)20957237X</marc:subfield>
         <marc:subfield code="a">Demokratisierung</marc:subfield>
         <marc:subfield code="2">gnd</marc:subfield>
      </marc:datafield>
      <marc:datafield tag="689" ind1="0" ind2="2">
         <marc:subfield code="D">s</marc:subfield>
         <marc:subfield code="0">(DE-588)4184397-6</marc:subfield>
         <marc:subfield code="0">(DE-627)105295396</marc:subfield>
         <marc:subfield code="0">(DE-576)210025433</marc:subfield>
         <marc:subfield code="a">Tango</marc:subfield>
         <marc:subfield code="2">gnd</marc:subfield>
      </marc:datafield>
      <marc:datafield tag="689" ind1="0" ind2="3">
         <marc:subfield code="D">s</marc:subfield>
         <marc:subfield code="0">(DE-588)4059028-8</marc:subfield>
         <marc:subfield code="0">(DE-627)106144979</marc:subfield>
         <marc:subfield code="0">(DE-576)209129018</marc:subfield>
         <marc:subfield code="a">Tanz</marc:subfield>
         <marc:subfield code="2">gnd</marc:subfield>
      </marc:datafield>
      <marc:datafield tag="689" ind1="0" ind2="4">
         <marc:subfield code="D">s</marc:subfield>
         <marc:subfield code="0">(DE-588)4125698-0</marc:subfield>
         <marc:subfield code="0">(DE-627)104470348</marc:subfield>
         <marc:subfield code="0">(DE-576)209578750</marc:subfield>
         <marc:subfield code="a">Kultur</marc:subfield>
         <marc:subfield code="2">gnd</marc:subfield>
      </marc:datafield>
      <marc:datafield tag="689" ind1="0" ind2="5">
         <marc:subfield code="D">s</marc:subfield>
         <marc:subfield code="0">(DE-588)4045216-5</marc:subfield>
         <marc:subfield code="0">(DE-627)106202510</marc:subfield>
         <marc:subfield code="0">(DE-576)209064315</marc:subfield>
         <marc:subfield code="a">Peronismus</marc:subfield>
         <marc:subfield code="2">gnd</marc:subfield>
      </marc:datafield>
      <marc:datafield tag="689" ind1="0" ind2=" ">
         <marc:subfield code="5">DE-101</marc:subfield>
      </marc:datafield>
      <marc:datafield tag="751" ind1=" " ind2=" ">
         <marc:subfield code="a">Hamburg</marc:subfield>
         <marc:subfield code="0">(DE-588)4023118-5</marc:subfield>
         <marc:subfield code="0">(DE-627)106305433</marc:subfield>
         <marc:subfield code="0">(DE-576)20894754X</marc:subfield>
         <marc:subfield code="4">uvp</marc:subfield>
      </marc:datafield>
      <marc:datafield tag="776" ind1="0" ind2="8">
         <marc:subfield code="i">Erscheint auch als</marc:subfield>
         <marc:subfield code="n">Online-Ausgabe, Content Select</marc:subfield>
         <marc:subfield code="a">Barrionuevo Anzaldi, Franco</marc:subfield>
         <marc:subfield code="t">Politischer Tango</marc:subfield>
         <marc:subfield code="d">Bielefeld : transcript, 2012</marc:subfield>
         <marc:subfield code="h">1 Online Ressource (164 Seiten)</marc:subfield>
         <marc:subfield code="w">(DE-627)1653786000</marc:subfield>
         <marc:subfield code="w">(DE-576)479781508</marc:subfield>
         <marc:subfield code="z">9783839417942</marc:subfield>
      </marc:datafield>
      <marc:datafield tag="830" ind1=" " ind2="0">
         <marc:subfield code="a">TanzScripte</marc:subfield>
         <marc:subfield code="v">23</marc:subfield>
         <marc:subfield code="9">23</marc:subfield>
         <marc:subfield code="w">(DE-627)513347925</marc:subfield>
         <marc:subfield code="w">(DE-576)120857499</marc:subfield>
         <marc:subfield code="w">(DE-600)2241196-3</marc:subfield>
         <marc:subfield code="x">2747-3120</marc:subfield>
      </marc:datafield>
      <marc:datafield tag="856" ind1="4" ind2="2">
         <marc:subfield code="u">http://www.gbv.de/dms/spk/iai/cov/66173076X.jpg</marc:subfield>
         <marc:subfield code="m">V:DE-601</marc:subfield>
         <marc:subfield code="m">B:DE-204</marc:subfield>
         <marc:subfield code="q">image/jpeg</marc:subfield>
         <marc:subfield code="v">2012-07-10</marc:subfield>
         <marc:subfield code="x">Verlag</marc:subfield>
         <marc:subfield code="3">Cover</marc:subfield>
      </marc:datafield>
      <marc:datafield tag="856" ind1="4" ind2="2">
         <marc:subfield code="u">http://www.gbv.de/dms/spk/iai/toc/66173076X.pdf</marc:subfield>
         <marc:subfield code="m">V:DE-601</marc:subfield>
         <marc:subfield code="m">B:DE-204</marc:subfield>
         <marc:subfield code="q">pdf/application</marc:subfield>
         <marc:subfield code="v">2012-07-13</marc:subfield>
         <marc:subfield code="x">Verlag</marc:subfield>
         <marc:subfield code="y">Inhaltsverzeichnis</marc:subfield>
         <marc:subfield code="3">Inhaltsverzeichnis</marc:subfield>
      </marc:datafield>
      <marc:datafield tag="856" ind1="4" ind2="2">
         <marc:subfield code="u">http://deposit.d-nb.de/cgi-bin/dokserv?id=3831110&amp;prov=M&amp;dok_var=1&amp;dok_ext=htm</marc:subfield>
         <marc:subfield code="m">X: MVB</marc:subfield>
         <marc:subfield code="q">text/html</marc:subfield>
         <marc:subfield code="v">2013-05-01</marc:subfield>
         <marc:subfield code="x">Verlag</marc:subfield>
         <marc:subfield code="3">Inhaltstext</marc:subfield>
      </marc:datafield>
      <marc:datafield tag="935" ind1=" " ind2=" ">
         <marc:subfield code="i">sf</marc:subfield>
      </marc:datafield>
      <marc:datafield tag="935" ind1=" " ind2=" ">
         <marc:subfield code="i">Blocktest</marc:subfield>
      </marc:datafield>
      <marc:datafield tag="936" ind1="r" ind2="v">
         <marc:subfield code="a">AP 84500</marc:subfield>
         <marc:subfield code="b">Tanz und Gesellschaft</marc:subfield>
         <marc:subfield code="k">Allgemeines</marc:subfield>
         <marc:subfield code="k">Medien- und Kommunikationswissenschaften, Kommunikationsdesign</marc:subfield>
         <marc:subfield code="k">Tanz</marc:subfield>
         <marc:subfield code="k">Beziehungen, Ausstrahlungen</marc:subfield>
         <marc:subfield code="k">Tanz und Gesellschaft</marc:subfield>
         <marc:subfield code="0">(DE-627)127069345X</marc:subfield>
         <marc:subfield code="0">(DE-625)rvk/8039:</marc:subfield>
         <marc:subfield code="0">(DE-576)20069345X</marc:subfield>
      </marc:datafield>
      <marc:datafield tag="936" ind1="b" ind2="k">
         <marc:subfield code="a">24.15</marc:subfield>
         <marc:subfield code="j">Tanzkunst</marc:subfield>
         <marc:subfield code="j">Bewegungskunst</marc:subfield>
         <marc:subfield code="0">(DE-627)10640606X</marc:subfield>
      </marc:datafield>
      <marc:datafield tag="936" ind1="b" ind2="k">
         <marc:subfield code="a">15.07</marc:subfield>
         <marc:subfield code="j">Kulturgeschichte</marc:subfield>
         <marc:subfield code="0">(DE-627)181569620</marc:subfield>
      </marc:datafield>
      <marc:datafield tag="951" ind1=" " ind2=" ">
         <marc:subfield code="a">BO</marc:subfield>
      </marc:datafield>
   </marc:record>